2068 2927
455 115 578 169 Ἀο
687 106 890 187 MA
968 105 1039 167 1).
1150 111 1225 169 iii
1294 115 1379 188 ηρ·
1495 134 1601 203 305

221 251 391 319 iisset,
405 266 537 307 cum
559 266 665 306 nec
679 247 927 321 fastor-em
945 263 1239 321 memoret,
1253 270 1359 309 nec
1381 272 1591 329 quem„

220 338 321 379 aut
351 325 519 392 quid,
551 340 653 392 per
684 336 843 375 unum
867 321 1206 378 intellectium
1235 327 1367 381 velit
1391 331 1583 388 defini-

217 399 376 452 verit.
454 396 640 452 Nimis
673 410 809 462 vaga
828 393 1003 448 'fieret
1025 393 1085 451 ὅ(
1107 397 1201 452 vix
1223 397 1578 469 intelligibilis

211 471 424 534 oratio;
463 469 698 523 maxime
732 466 772 521 si
797 465 1060 521 Adamum
1085 469 1141 522 in
1163 471 1342 525 oculis
1372 474 1576 531 habile.

210 543 323 609 rit;
393 540 554 610 cujus
612 542 761 595 nulla
819 540 968 592 adest
1019 553 1154 595 nota
1199 543 1574 615 distinguens,

210 630 380 683 quam
438 616 636 681 utique
679 611 997 677 addidisset,
1049 626 1145 668 aut
1180 616 1444 671 Adanmm
1477 633 1574 675 aut

191 689 430 759 primum
451 688 700 741 hominem
722 684 1051 750 adpellando
1067 724 1084 750 ,
1123 701 1219 742 aut
1243 688 1299 742 in
1308 691 1570 762 principio

199 759 463 813 addendo
481 800 497 824 ,
532 772 627 814 aut
651 756 791 824 quid
815 756 989 809 simile
1020 773 1071 825 4.
1096 757 1285 814 Voces
1305 801 1322 825 ‚
1364 761 1425 815 ὃ)
1449 764 1565 835 resi·

197 831 358 884 duum
386 829 614 901 spiritus
651 830 725 893 ei,
789 844 894 881 nec
927 830 1114 883 ferunt
1148 849 1278 887 eum
1314 831 1562 904 sensum,

168 899 453 973 ,fiaeperfuit
501 901 548 955 ei
579 901 840 974 potentia,
904 917 1009 955 nec
1046 918 1285 969 usquam
1324 906 1394 958 de
1428 907 1561 964 Deo

191 972 533 1041 usurpantur
548 1015 563 1039 ,
577 991 682 1027 nec
707 975 947 1027 multum
970 975 1037 1027 ad
1059 972 1296 1042 scopum
1308 977 1523 1035 faciunt
1536 1021 1555 1048 ,

190 1060 289 1099 aut
325 1047 566 1114 emphasi
589 1048 817 1113 pollent.
901 1045 1055 1116 Quid
1078 1050 1295 1103 necess'e
1323 1064 1437 1105 erat
1463 1069 1555 1109 ex·

189 1119 372 1186 press'e
414 1121 715 1183 declarare,
740 1119 963 1182 Deum,
1024 1121 1123 1186 qui
1147 1139 1306 1176 mmm
1318 1121 1550 1192 fecerat,

170 1191 432 1257 ,potuisse
463 1192 649 1258 plures
685 1190 911 1244 facere?
950 1192 1020 1245 de
1051 1207 1170 1258 quo
1194 1209 1362 1250 nemo
1390 1194 1549 1253 sanus

185 1262 418 1317 dubitat.
496 1261 727 1316 Restius
763 1262 833 1313 de
855 1261 1118 1332 sapientia
1147 1264 1286 1332 Dei,
1338 1272 1396 1321 in
1429 1286 1550 1326 uno

171 1335 445 1394 faciendo
485 1332 874 1397 elucescente,
948 1333 1326 1405 cogitaretur,
1387 1343 1548 1408 quod

181 1407 324 1462 illud
338 1406 668 1470 consultius,
679 1403 741 1459 ὃ(
753 1405 998 1459 humano
1010 1407 1199 1474 generi
1214 1411 1429 1472 utilius,
1443 1413 1546 1468 du-

181 1481 356 1545 xerit3
410 1479 504 1532 sed
539 1493 642 1531 nec
671 1493 733 1530 ea
754 1477 990 1544 phi-aiis,
1025 1477 1096 1531 de
1112 1478 1242 1534 Deo
1265 1483 1540 1553 adhibita,

178 1565 276 1605 aut
317 1565 508 1621 parem
546 1551 709 1604 habet
731 1590 747 1615 ,
809 1562 903 1603 aut
935 1550 993 1604 in
1028 1549 1219 1608 Deum
1254 1557 1540 1615 convenit.

106 1679 109 1685 ,
179 1621 362 1693 Quod
391 1624 432 1678 fi
463 1624 766 1691 legeretur,
795 1621 856 1677 &
871 1621 1071 1694 spiritu
1081 1622 1355 1695 sapientiae
1378 1630 1540 1686 abun·

173 1695 365 1762 dabat,
393 1695 727 1759 excellebat,
744 1693 932 1749 saltem
959 1697 1034 1750 ita
1055 1696 1454 1768 intelligeretur
1476 1705 1538 1757 il-

171 1765 276 1821 lud
306 1780 417 1826 axv,
453 1768 524 1821 de
547 1783 664 1833 quo
690 1783 854 1833 mox,
884 1769 1066 1823 minus
1093 1769 1434 1839 offenderem.
1473 1776 1538 1831 li·

171 1849 268 1892 cet
312 1853 384 1891 ne
425 1839 498 1892 sic
539 1838 873 1893 admittenda
906 1843 1090 1896 foret:
1153 1841 1247 1897 sed
1281 1846 1534 1915 residuunt

171 1909 443 1979 potentiae
469 1923 565 1964 aut
586 1909 863 1977 sapientiae
891 1913 1051 1980 Deo,
1093 1915 1187 1968 cui
1212 1917 1348 1971 nihil
1371 1919 1535 1974 dece·

170 1983 283 2047 dit,
337 1995 402 2036 ut
434 1982 573 2049 quid
605 1983 854 2054 residuum
886 2000 1130 2053 maneat,
1183 1989 1366 2044 minus
1397 2008 1532 2047 con<

174 2054 348 2111 venit.
383 2069 433 2122 5.
469 2053 626 2125 Quid
659 2055 786 2117 fibi,
836 2057 1058 2122 quaeso,
1099 2061 1300 2115 volunt
1325 2079 1532 2132 voceS,

172 2128 304 2200 quid
355 2144 515 2182 unum
538 2164 556 2192 ,
616 2138 923 2196 quaerentem
963 2130 1053 2182 vel
1103 2147 1336 2199 quaerens
1357 2134 1535 2203 semen

172 2198 323 2256 Dei?
359 2214 615 2266 quocum
651 2199 1046 2255 construentur
1070 2202 1096 2255 ἓ
1155 2219 1288 2257 cum
1324 2205 1436 2259 Deo
1456 2210 1533 2265 fa-

172 2271 331 2330 §tore
344 2287 473 2340 „an
504 2289 603 2329 uno
633 2271 822 2328 faeie?
875 2289 1008 2328 cum
1041 2292 1138 2330 uno
1159 2277 1417 2343 proxime
1438 2297 1537 2336 co-

834 2343 898 2416 ·-Q
914 2361 950 2413 q
1434 2354 1550 2412 hae-
