2068 2927
522 218 622 276 320
712 187 1818 256 COMMENTARIUS

509 337 850 410 Judaeorum
896 347 1031 387 mox
1064 333 1121 387 in
1159 332 1414 387 omnium
1448 333 1652 387 oculos
1688 332 1893 405 ingera-

516 424 611 465 tur
636 452 652 477 ‚
726 409 866 462 adeo
912 419 976 460 ut
1010 407 1122 459 fine
1157 406 1504 472 impudentia
1534 406 1671 461 illud
1709 424 1892 466 exem-

515 486 675 551 plum
708 484 772 534 ab
797 480 922 545 ipsis
949 478 1102 532 citari
1123 493 1239 529 non
1259 479 1537 544 potuerit,
1577 477 1637 534 ὃς
1656 496 1788 537 culn
1811 484 1888 537 in-

515 555 808 625 dignatione
855 550 1007 618 rejici
1053 561 1344 603 mereatur.
1432 549 1611 619 Cujus
1651 553 1890 624 indigna-

514 629 670 682 tionis
737 623 1009 678 indicium
1057 622 1289 676 subinde
1334 623 1392 676 in
1436 623 1541 678 hac
1583 625 1885 696 particula,

512 699 575 756 ἃ
616 697 1077 765 interrogatione,
1120 694 1444 749 observatur
1468 703 1510 748 α.
1573 696 1887 758 Discrimen

513 790 652 827 vero
678 774 735 826 in
765 787 834 824 eo
861 771 1024 823 fitum
1049 769 1158 822 fuit
1187 785 1230 821 1.
1253 770 1412 834 quod
1433 783 1548 823 non
1577 770 1884 828 lihidlmac-

513 859 604 901 tus
635 888 651 913 ,
695 859 760 900 ut
805 842 912 908 illi,
971 841 1064 896 sed
1094 842 1433 913 procreandae
1464 841 1650 911 sobolis
1673 883 1689 907 ,
1758 845 1886 902 Sara

512 921 611 973 diu
649 918 845 981 sterili,
894 916 1079 969 studio
1119 913 1317 968 duetus
1347 954 1363 978 ‚
1418 914 1689 982 Hagarem
1716 915 1771 970 in
1798 931 1883 972 to-

513 1008 640 1046 rum
666 988 969 1044 admiserit:
997 988 1079 1042 uti
1106 987 1460 1040 ClemAlex.
1485 988 1609 1039 alibi
1633 984 1657 1026 ὂ
1678 989 1747 1040 de
1770 992 1882 1044 hoc

510 1065 658 1118 faeto
675 1060 971 1116 Abrahami
993 1061 1221 1112 locutus
1252 1057 1347 1108 est.
1376 1072 1422 1109 2.
1439 1057 1597 1122 quod
1620 1074 1735 1111 non
1749 1077 1883 1114 eon-

510 1149 593 1189 tra
621 1137 823 1188 claram
856 1132 1066 1197 legem,
1110 1145 1239 1196 quae
1268 1130 1555 1195 peregrina
1579 1128 1841 1199 conjugia
1861 1175 1878 1200 ‚

510 1207 840 1262 idololatriae
881 1203 1121 1256 vitandae
1157 1216 1320 1268 erg0‚
1363 1198 1552 1254 severe
1578 1203 1879 1271 prohibet,

509 1280 649 1334 illud
693 1279 858 1342 fecit,
898 1288 961 1328 ut
983 1275 1115 1340 ipsi,
1159 1274 1256 1340 qui
1282 1289 1413 1341 ergo
1445 1273 1557 1326 Deo
1583 1291 1646 1328 ea
1669 1276 1883 1332 ratione

507 1369 624 1407 non
662 1360 921 1417 poterant
945 1348 1275 1415 progignere
1299 1347 1537 1411 liberos;
1563 1345 1686 1413 sed,
1701 1364 1879 1414 quum

495 1425 672 1496 semen
721 1423 828 1477 Dei
878 1436 1131 1488 quaerere
1171 1417 1335 1472 etiam
1373 1433 1444 1471 ex
1468 1423 1752 1490 peregrina
1778 1437 1883 1488 po·

508 1498 646 1564 tuit,
696 1497 845 1550 nulla
892 1493 1073 1546 adhuc
1116 1494 1238 1559 lege
1275 1503 1513 1545 vetante.
1592 1492 1691 1546 Ille
1731 1495 1878 1549 unus

507 1571 726 1639 itaque,
775 1584 1006 1637 φάν-εγω
1039 1565 1213 1634 fhmen
1263 1563 1399 1629 Dei,
1451 1564 1590 1618 illud
1626 1565 1766 1634 egit,
1817 1562 1878 1623 &

506 1660 666 1711 agere
705 1641 920 1710 potuit,
983 1655 1099 1691 non
1139 1653 1277 1703 VOS,
1318 1653 1422 1691 nec
1446 1637 1678 1702 potestis
1704 1655 1875 1693 nune.

503 1714 632 1769 Filii
684 1716 831 1770 enim
870 1730 898 1765 a
931 1711 1250 1778 parentibus
1277 1751 1293 1774 ‚
1354 1709 1486 1762 Deo
1543 1709 1876 1778 foederatiS‚

503 1790 648 1855 nati,
711 1787 769 1842 ὃ(
813 1784 1122 1839 secundum
1169 1782 1306 1836 illud
1353 1780 1592 1845 foedus,
1662 1794 1877 1836 tantum

504 1862 780 1915 habentur
816 1858 875 1913 &
905 1856 1028 1910 sunt
1065 1855 1198 1921 filii,
1254 1855 1343 1907 vel
1355 1852 1530 1922 semen
1554 1853 1661 1905 Dei
1688 1856 1875 1917 effen.

502 1935 604 2001 qui
631 1951 701 1988 ex
722 1930 1022 2000 peregrinis
1047 1928 1157 1981 nati
1182 1943 1212 1980 e
1233 1938 1427 1980 contra
1451 1940 1514 1971 ποι
1538 1941 1593 1973 *³2
1607 1923 1871 1998 filiipere·

500 2008 648 2075 grim
683 2004 940 2074 opposite
977 2002 1044 2054 ad
1064 2000 1238 2069 stemma
1275 1996 1486 2054 Israelis
1520 1999 1671 2052 Neh.
1704 2015 1780 2052 ix:
1821 2017 1868 2054 2.

504 2079 771 2147 Denique
806 2093 853 2143 3.
882 2075 1039 2142 quod
1066 2074 1392 2141 singularem
1417 2073 1578 2139 plane
1603 2072 1875 2126 rationem
1911 2075 1917 2077 *

500 2165 827 2207 moventem
869 2147 1123 2204 habuerit
1158 2144 1239 2218 iste
1285 2162 1449 2212 muts,
1509 2159 1635 2210 quae
1665 2144 1872 2199 faetum

1753 2220 1871 2284 pla-

500 2330 503 2333 ’
560 2362 587 2394 a
616 2351 706 2394 vid.
727 2350 864 2395 Noid.
889 2351 1004 2394 Part.
1025 2361 1072 2405 p.
1096 2353 1192 2401 485-
1215 2347 1286 2391 ει.
1310 2345 1555 2390 Scin-oetier
1577 2344 1631 2388 ad
1658 2342 1725 2388 Ps.
1750 2353 1877 2397 x.13.

557 2408 579 2448 ὁ
609 2406 769 2451 Strom.
789 2408 820 2450 1.
847 2419 910 2450 11.
931 2420 972 2450 c.
1002 2418 1066 2458 19.
1178 2416 1199 2446 c
1230 2403 1306 2446 Ez.
1331 2413 1429 2444 xv1:
1450 2414 1521 2450 20.
