2068 2927
498 148 611 206 294
689 126 1812 191 COMMENTARIUS

507 269 569 328 &
616 268 987 334 inevitabili3‚
1041 270 1147 322 haec
1182 284 1300 322 non
1325 268 1425 322 nifi
1449 268 1506 322 in
1530 271 1885 336 proximitate

501 343 776 414 sanguinis
819 343 913 397 vel-
940 341 1236 395 adfinitatis
1263 342 1458 395 locum
1484 342 1788 407 habeat,&
1813 347 1883 400 de

505 434 569 472 ea
599 419 655 471 in
699 417 811 470 hoc
851 430 973 481 cap.
1001 413 1292 480 usupetur.
1371 415 1671 481 Proprium
1683 415 1882 485 fhroris

504 490 671 546 usum
702 489 883 542 firmat
920 485 1107 538 similis
1135 487 1342 552 phrasis
1369 487 1507 542 Lev.
1533 504 1624 541 xx:
1655 504 1733 557 14.
1756 491 1878 557 vir,

503 565 592 635 qm‘
624 559 874 632 sumserit
922 556 1189 610 mulierem
1242 557 1302 610 &⁹
1345 571 1565 613 matrem
1619 562 1729 629 ejus
1766 560 1878 617 &a

505 637 635 692 Alia
657 634 820 687 mitto
838 673 853 697 ,
868 629 927 686 &
950 631 1074 684 haec
1101 631 1285 684 obiter
1308 643 1524 686 tantum
1536 633 1880 702 perstrinxis-

508 710 564 763 se
590 706 839 762 sufficiat.
867 704 989 758 Lex
1013 703 1203 778 itaque
1228 720 1361 757 cum
1383 721 1500 758 non
1527 706 1772 760 vetuerit
1799 707 1880 760 ul-

505 786 585 848 la,
618 777 855 853 perfidiae
884 791 1002 830 non
1026 777 1176 829 foret
1199 777 1363 830 uxori
1391 778 1595 832 addere
1626 780 1880 845 alteram,

504 855 606 910 nisi
646 851 809 920 pacto
841 849 1262 914 matrimoniali,
1298 850 1441 902 inter
1467 851 1653 905 virum
1675 851 1734 905 &
1760 854 1881 906 foe-

505 929 712 982 minam
763 924 903 976 inito
929 965 944 989 ,
1041 922 1289 988 expresse
1343 922 1531 976 fuisset
1592 922 1882 977 sancitum.

509 999 688 1070 Quod
716 997 916 1062 utique
954 995 1045 1049 hic
1075 994 1241 1045 fuisse
1269 993 1509 1056 faecum,
1552 997 1710 1046 nullo
1748 1011 1884 1048 con-

507 1074 611 1128 stat
654 1068 882 1122 indicio.
986 1065 1134 1116 Uxor
1186 1062 1417 1128 quidem
1442 1061 1670 1132 foederis
1704 1068 1885 1122 mariti

507 1142 837 1210 adpellatur:
891 1136 986 1190 sed
1023 1134 1154 1188 inde
1179 1134 1315 1188 nihil
1335 1134 1524 1203 colligi
1552 1136 1767 1202 potest,
1801 1139 1882 1192 ni-

505 1219 546 1271 s1
594 1211 797 1285 foederi
844 1208 1258 1264 demonstretur
1304 1207 1445 1261 hanc
1494 1208 1886 1265 conditionem

504 1287 669 1344 fuiss'e
732 1283 972 1337 additam
1029 1280 1321 1348 expreffe3
1388 1281 1548 1346 quod
1595 1297 1887 1349 nunquam

507 1358 735 1430 poterit.
788 1370 836 1422 3.
859 1354 1160 1419 Denique,
1193 1351 1431 1419 sequens
1453 1354 1723 1421 pericopa
1747 1354 1886 1410 vers.

516 1448 596 1501 15.
637 1430 698 1487 δε
731 1432 831 1494 16.,
870 1428 1018 1481 recte
1044 1426 1345 1491 intellech,
1383 1442 1500 1480 non
1526 1428 1887 1494 qualemcun-

511 1521 626 1575 que
651 1500 1030 1575 polygamiam,
1085 1498 1180 1553 sed
1216 1515 1349 1552 cum
1373 1501 1642 1554 extraneis
1671 1496 1765 1554 aut
1785 1501 1886 1555 ini-

512 1579 672 1635 micis
710 1573 1043 1629 concubinis
1073 1613 1089 1638 ‚
1139 1570 1199 1626 &
1225 1572 1292 1624 ad
1322 1572 1622 1639 legitimam
1652 1589 1891 1628 uxorem

514 1648 854 1710 vexandamt,
902 1662 1008 1700 nec
1045 1644 1459 1713 qualiacunque
1490 1646 1750 1710 divortia,
1794 1644 1889 1700 sed

515 1739 650 1779 cum
706 1720 955 1774 violenta
1007 1719 1377 1772 innocentum
1442 1715 1750 1785 conjugum
1788 1734 1888 1786 op-

513 1794 790 1865 preffione
827 1790 1165 1859 conjuncta,
1225 1789 1481 1856 intelligi,
1533 1789 1886 1845 manifestum

513 1869 676 1932 facit;
712 1865 795 1920 uti
835 1880 971 1917 mox
1001 1863 1299 1930 adparebit.
1370 1861 1462 1914 Ex
1485 1862 1670 1913 nostra
1697 1861 1887 1928 itaque

513 1937 811 2009 hypothesi
866 1936 1076 1991 crimen
1123 1934 1360 2006 perfidiae
1419 1934 1474 1986 in
1519 1933 1889 1999 legitimarum

512 2028 765 2082 *uxorum
789 2010 1158 2064 innocentum
1179 2005 1536 2074 oppreffione
1560 2006 1723 2058 situm
1744 2007 1855 2059 fuit
1869 2047 1885 2072 ,

512 2089 629 2143 sive
663 2100 765 2151 per
795 2082 1087 2147 adulteria,
1126 2096 1372 2147 quorum
1407 2079 1618 2132 mentio
1646 2078 1708 2131 fit
1731 2095 1780 2132 c,
1808 2075 1907 2132 1112*

516 2176 566 2227 5.
605 2159 717 2211 five
741 2172 844 2224 per
864 2154 1280 2221 extrmleasiplis
1297 2152 1594 2207 adsociatas
1613 2192 1629 2217 ,
1659 2152 1887 2219 fiveper

516 2229 881 2303 (lualesbunque
906 2227 1250 2281 concubinas
1280 2228 1405 2294 iplis
1433 2225 1679 2279 inimicas
1697 2242 1708 2276 :
1729 2225 1889 2292 quod

519 2303 701 2370 ipsum
744 2298 1097 2373 gravffmum
1157 2301 1367 2369 isgium‘ae
1420 2315 1581 2369 gellus
1639 2300 1694 2351 in
1748 2313 1887 2352 uxo-

1771 2386 1888 2424 rem
