<?xml version="1.0" encoding="UTF-8"?>
<!DOCTYPE html PUBLIC "-//W3C//DTD XHTML 1.0 Transitional//EN"
    "http://www.w3.org/TR/xhtml1/DTD/xhtml1-transitional.dtd">
<html xmlns="http://www.w3.org/1999/xhtml" xml:lang="en" lang="en">
 <head>
  <title>
</title>
<meta http-equiv="Content-Type" content="text/html;charset=utf-8" />
  <meta name='ocr-system' content='tesseract 3.04.00' />
  <meta name='ocr-capabilities' content='ocr_page ocr_carea ocr_par ocr_line ocrx_word'/>
</head>
<body>
  <div class='ocr_page' id='page_1' title='image "./commentariusadli00vene_0374.png"; bbox 0 0 2068 2927; ppageno 0'>
   <div class='ocr_carea' id='block_1_1' title="bbox 459 146 1765 238">
    <p class='ocr_par' dir='ltr' id='par_1_1' title="bbox 459 146 1765 238">
     <span class='ocr_line' id='line_1_1' title="bbox 459 146 1765 238; baseline -0.004 -20"><span class='ocrx_word' id='word_1_1' title='bbox 459 161 561 238; x_wconf 75' lang='lat'>354</span> <span class='ocrx_word' id='word_1_2' title='bbox 646 146 1765 213; x_wconf 73' lang='lat' dir='ltr'>COMMENTARIUS</span> 
     </span>
    </p>
   </div>
   <div class='ocr_carea' id='block_1_2' title="bbox 491 290 1899 2448">
    <p class='ocr_par' dir='ltr' id='par_1_2' title="bbox 491 290 1876 1222">
     <span class='ocr_line' id='line_1_2' title="bbox 491 290 1862 368; baseline -0.003 -15"><span class='ocrx_word' id='word_1_3' title='bbox 491 299 602 368; x_wconf 82' lang='lat' dir='ltr'>jam</span> <span class='ocrx_word' id='word_1_4' title='bbox 637 293 895 357; x_wconf 81' lang='lat' dir='ltr'>fluxerit,</span> <span class='ocrx_word' id='word_1_5' title='bbox 939 291 1196 360; x_wconf 83' lang='lat' dir='ltr'>adeoque</span> <span class='ocrx_word' id='word_1_6' title='bbox 1228 290 1379 346; x_wconf 89' lang='lat' dir='ltr'>nulla</span> <span class='ocrx_word' id='word_1_7' title='bbox 1414 290 1651 359; x_wconf 87' lang='lat' dir='ltr'>amplius</span> <span class='ocrx_word' id='word_1_8' title='bbox 1686 294 1862 349; x_wconf 87' lang='lat' dir='ltr'>adful-</span> 
     </span>
     <span class='ocr_line' id='line_1_3' title="bbox 501 363 1863 440; baseline -0.003 -16"><span class='ocrx_word' id='word_1_9' title='bbox 501 381 625 440; x_wconf 84' lang='lat' dir='ltr'>geat</span> <span class='ocrx_word' id='word_1_10' title='bbox 656 367 778 435; x_wconf 85' lang='lat' dir='ltr'>spes</span> <span class='ocrx_word' id='word_1_11' title='bbox 801 364 1001 433; x_wconf 84' lang='lat' dir='ltr'>judicii</span> <span class='ocrx_word' id='word_1_12' title='bbox 1034 363 1198 432; x_wconf 82' lang='lat' dir='ltr'>hujus</span> <span class='ocrx_word' id='word_1_13' title='bbox 1225 365 1554 431; x_wconf 74' lang='lat' dir='ltr'>exercendi3</span> <span class='ocrx_word' id='word_1_14' title='bbox 1595 365 1725 419; x_wconf 92' lang='lat' dir='ltr'>hinc</span> <span class='ocrx_word' id='word_1_15' title='bbox 1747 369 1863 420; x_wconf 89' lang='lat' dir='ltr'>col-</span> 
     </span>
     <span class='ocr_line' id='line_1_4' title="bbox 504 434 1864 510; baseline -0.004 -14"><span class='ocrx_word' id='word_1_16' title='bbox 504 445 775 510; x_wconf 81' lang='lat' dir='ltr'>legerunt,</span> <span class='ocrx_word' id='word_1_17' title='bbox 792 439 982 492; x_wconf 88' lang='lat' dir='ltr'>Deum</span> <span class='ocrx_word' id='word_1_18' title='bbox 1005 437 1129 502; x_wconf 84' lang='lat' dir='ltr'>pios</span> <span class='ocrx_word' id='word_1_19' title='bbox 1154 436 1297 488; x_wconf 91' lang='lat' dir='ltr'>inter</span> <span class='ocrx_word' id='word_1_20' title='bbox 1318 434 1380 491; x_wconf 61' lang='grc' dir='ltr'>ὃς</span> <span class='ocrx_word' id='word_1_21' title='bbox 1402 436 1589 502; x_wconf 82' lang='lat' dir='ltr'>inpios</span> <span class='ocrx_word' id='word_1_22' title='bbox 1612 438 1747 491; x_wconf 87' lang='lat' dir='ltr'>nihil</span> <span class='ocrx_word' id='word_1_23' title='bbox 1762 437 1864 491; x_wconf 91' lang='lat' dir='ltr'>dis-</span> 
     </span>
     <span class='ocr_line' id='line_1_5' title="bbox 506 507 1869 572; baseline -0.004 -4"><span class='ocrx_word' id='word_1_24' title='bbox 506 513 749 569; x_wconf 84' lang='lat' dir='ltr'>criminis</span> <span class='ocrx_word' id='word_1_25' title='bbox 776 526 893 562; x_wconf 88' lang='lat' dir='ltr'>non</span> <span class='ocrx_word' id='word_1_26' title='bbox 916 520 1130 562; x_wconf 81' lang='lat' dir='ltr'>tantum</span> <span class='ocrx_word' id='word_1_27' title='bbox 1154 508 1369 572; x_wconf 84' lang='lat' dir='ltr'>facere,</span> <span class='ocrx_word' id='word_1_28' title='bbox 1412 507 1504 562; x_wconf 87' lang='lat' dir='ltr'>sed</span> <span class='ocrx_word' id='word_1_29' title='bbox 1533 507 1593 565; x_wconf 70' lang='grc' dir='ltr'>ὅ(</span> <span class='ocrx_word' id='word_1_30' title='bbox 1622 509 1730 564; x_wconf 77' lang='lat' dir='ltr'>illos</span> <span class='ocrx_word' id='word_1_31' title='bbox 1758 509 1869 563; x_wconf 88' lang='lat' dir='ltr'>sus-</span> 
     </span>
     <span class='ocr_line' id='line_1_6' title="bbox 510 580 1871 654; baseline -0.003 -14"><span class='ocrx_word' id='word_1_32' title='bbox 510 603 621 654; x_wconf 86' lang='lat' dir='ltr'>que</span> <span class='ocrx_word' id='word_1_33' title='bbox 661 586 847 649; x_wconf 80' lang='lat' dir='ltr'>deque</span> <span class='ocrx_word' id='word_1_34' title='bbox 884 581 1117 645; x_wconf 79' lang='lat' dir='ltr'>habere,</span> <span class='ocrx_word' id='word_1_35' title='bbox 1157 580 1245 634; x_wconf 79' lang='lat' dir='ltr'>hos</span> <span class='ocrx_word' id='word_1_36' title='bbox 1273 581 1467 634; x_wconf 85' lang='lat' dir='ltr'>favore</span> <span class='ocrx_word' id='word_1_37' title='bbox 1492 582 1791 649; x_wconf 71' lang='lat' dir='ltr'>complecti</span> <span class='ocrx_word' id='word_1_38' title='bbox 1821 597 1871 649; x_wconf 82' lang='lat'>3.</span> 
     </span>
     <span class='ocr_line' id='line_1_7' title="bbox 508 652 1875 721; baseline -0.003 -8"><span class='ocrx_word' id='word_1_39' title='bbox 508 675 580 713; x_wconf 91' lang='lat' dir='ltr'>eo</span> <span class='ocrx_word' id='word_1_40' title='bbox 617 657 861 721; x_wconf 86' lang='lat' dir='ltr'>denique</span> <span class='ocrx_word' id='word_1_41' title='bbox 892 652 1099 718; x_wconf 88' lang='lat' dir='ltr'>tendit,</span> <span class='ocrx_word' id='word_1_42' title='bbox 1138 663 1229 719; x_wconf 86' lang='lat' dir='ltr'>ut,</span> <span class='ocrx_word' id='word_1_43' title='bbox 1268 668 1382 706; x_wconf 79' lang='lat' dir='ltr'>cum</span> <span class='ocrx_word' id='word_1_44' title='bbox 1405 654 1686 708; x_wconf 80' lang='lat' dir='ltr'>remissum</span> <span class='ocrx_word' id='word_1_45' title='bbox 1709 654 1875 709; x_wconf 87' lang='lat' dir='ltr'>suum</span> 
     </span>
     <span class='ocr_line' id='line_1_8' title="bbox 507 725 1875 800; baseline -0.003 -15"><span class='ocrx_word' id='word_1_46' title='bbox 507 729 788 800; x_wconf 79' lang='lat' dir='ltr'>religionis</span> <span class='ocrx_word' id='word_1_47' title='bbox 839 725 1114 792; x_wconf 82' lang='lat' dir='ltr'>studium,</span> <span class='ocrx_word' id='word_1_48' title='bbox 1161 740 1224 780; x_wconf 88' lang='lat' dir='ltr'>ac</span> <span class='ocrx_word' id='word_1_49' title='bbox 1259 726 1393 780; x_wconf 84' lang='lat' dir='ltr'>vitia</span> <span class='ocrx_word' id='word_1_50' title='bbox 1412 727 1732 794; x_wconf 70' lang='lat' dir='ltr'>grafiantia,</span> <span class='ocrx_word' id='word_1_51' title='bbox 1779 740 1875 782; x_wconf 85' lang='lat' dir='ltr'>aut</span> 
     </span>
     <span class='ocr_line' id='line_1_9' title="bbox 509 798 1867 866; baseline -0.004 -7"><span class='ocrx_word' id='word_1_52' title='bbox 509 801 777 859; x_wconf 74' lang='lat' dir='ltr'>excusent</span> <span class='ocrx_word' id='word_1_53' title='bbox 822 811 916 853; x_wconf 89' lang='lat' dir='ltr'>aut</span> <span class='ocrx_word' id='word_1_54' title='bbox 961 798 1289 863; x_wconf 81' lang='lat' dir='ltr'>defendant,</span> <span class='ocrx_word' id='word_1_55' title='bbox 1343 799 1473 866; x_wconf 87' lang='lat' dir='ltr'>quia</span> <span class='ocrx_word' id='word_1_56' title='bbox 1509 800 1685 865; x_wconf 83' lang='lat' dir='ltr'>pietas</span> <span class='ocrx_word' id='word_1_57' title='bbox 1726 800 1867 853; x_wconf 85' lang='lat' dir='ltr'>nihil</span> 
     </span>
     <span class='ocr_line' id='line_1_10' title="bbox 509 870 1869 946; baseline -0.004 -15"><span class='ocrx_word' id='word_1_58' title='bbox 509 875 737 946; x_wconf 81' lang='lat' dir='ltr'>prodest</span> <span class='ocrx_word' id='word_1_59' title='bbox 766 914 782 939; x_wconf 84' lang='lat'>‚</span> <span class='ocrx_word' id='word_1_60' title='bbox 852 887 957 925; x_wconf 90' lang='lat' dir='ltr'>nec</span> <span class='ocrx_word' id='word_1_61' title='bbox 1012 870 1255 936; x_wconf 81' lang='lat' dir='ltr'>aliquem</span> <span class='ocrx_word' id='word_1_62' title='bbox 1303 871 1434 925; x_wconf 92' lang='lat' dir='ltr'>Deo</span> <span class='ocrx_word' id='word_1_63' title='bbox 1480 873 1869 937; x_wconf 82' lang='lat' dir='ltr'>commendat,</span> 
     </span>
     <span class='ocr_line' id='line_1_11' title="bbox 511 944 1874 1009; baseline -0.006 -4"><span class='ocrx_word' id='word_1_64' title='bbox 511 962 622 1005; x_wconf 70' lang='lat' dir='ltr'>tum</span> <span class='ocrx_word' id='word_1_65' title='bbox 667 948 733 1001; x_wconf 90' lang='lat' dir='ltr'>ad</span> <span class='ocrx_word' id='word_1_66' title='bbox 766 945 894 1000; x_wconf 79' lang='lat' dir='ltr'>vitae</span> <span class='ocrx_word' id='word_1_67' title='bbox 929 958 1269 1009; x_wconf 86' lang='lat' dir='ltr'>morumque</span> <span class='ocrx_word' id='word_1_68' title='bbox 1302 945 1358 996; x_wconf 91' lang='lat' dir='ltr'>in</span> <span class='ocrx_word' id='word_1_69' title='bbox 1391 944 1679 1009; x_wconf 86' lang='lat' dir='ltr'>posterum</span> <span class='ocrx_word' id='word_1_70' title='bbox 1712 945 1874 998; x_wconf 81' lang='lat' dir='ltr'>diffo-</span> 
     </span>
     <span class='ocr_line' id='line_1_12' title="bbox 508 1014 1876 1081; baseline -0.008 -2"><span class='ocrx_word' id='word_1_71' title='bbox 508 1023 785 1078; x_wconf 88' lang='lat' dir='ltr'>lutionem</span> <span class='ocrx_word' id='word_1_72' title='bbox 822 1032 885 1070; x_wconf 91' lang='lat' dir='ltr'>ac</span> <span class='ocrx_word' id='word_1_73' title='bbox 919 1015 1374 1081; x_wconf 81' lang='lat' dir='ltr'>corruptionem,</span> <span class='ocrx_word' id='word_1_74' title='bbox 1413 1015 1513 1067; x_wconf 74' lang='lat' dir='ltr'>nisi</span> <span class='ocrx_word' id='word_1_75' title='bbox 1539 1014 1697 1067; x_wconf 88' lang='lat' dir='ltr'>Deus</span> <span class='ocrx_word' id='word_1_76' title='bbox 1721 1017 1876 1069; x_wconf 85' lang='lat' dir='ltr'>aliter</span> 
     </span>
     <span class='ocr_line' id='line_1_13' title="bbox 511 1084 1876 1164; baseline 0.001 -23"><span class='ocrx_word' id='word_1_77' title='bbox 511 1108 657 1164; x_wconf 68' lang='lat' dir='ltr'>agat,</span> <span class='ocrx_word' id='word_1_78' title='bbox 697 1091 758 1148; x_wconf 85' lang='lat'>&amp;</span> <span class='ocrx_word' id='word_1_79' title='bbox 795 1088 848 1142; x_wconf 82' lang='lat' dir='ltr'>se</span> <span class='ocrx_word' id='word_1_80' title='bbox 874 1087 1048 1141; x_wconf 80' lang='lat' dir='ltr'>Deum</span> <span class='ocrx_word' id='word_1_81' title='bbox 1061 1085 1255 1156; x_wconf 73' lang='lat' dir='ltr'>judicii</span> <span class='ocrx_word' id='word_1_82' title='bbox 1282 1084 1535 1153; x_wconf 80' lang='lat' dir='ltr'>praestet,</span> <span class='ocrx_word' id='word_1_83' title='bbox 1578 1085 1725 1140; x_wconf 87' lang='lat' dir='ltr'>viam</span> <span class='ocrx_word' id='word_1_84' title='bbox 1747 1087 1876 1142; x_wconf 81' lang='lat' dir='ltr'>ster-</span> 
     </span>
     <span class='ocr_line' id='line_1_14' title="bbox 509 1179 657 1222; baseline -0.02 0"><span class='ocrx_word' id='word_1_85' title='bbox 509 1179 657 1222; x_wconf 87' lang='lat' dir='ltr'>nant.</span> 
     </span>
    </p>

    <p class='ocr_par' dir='ltr' id='par_1_3' title="bbox 501 1232 1899 2445">
     <span class='ocr_line' id='line_1_15' title="bbox 589 1232 1877 1309; baseline -0.003 -17"><span class='ocrx_word' id='word_1_86' title='bbox 589 1239 638 1309; x_wconf 58' lang='grc' dir='ltr'>ἓ.</span> <span class='ocrx_word' id='word_1_87' title='bbox 664 1235 868 1291; x_wconf 88' lang='lat' dir='ltr'><strong>CXIV.</strong></span> <span class='ocrx_word' id='word_1_88' title='bbox 923 1233 1112 1303; x_wconf 83' lang='lat' dir='ltr'>Quem</span> <span class='ocrx_word' id='word_1_89' title='bbox 1143 1248 1276 1288; x_wconf 88' lang='lat' dir='ltr'>cum</span> <span class='ocrx_word' id='word_1_90' title='bbox 1306 1234 1551 1289; x_wconf 80' lang='lat' dir='ltr'>animum</span> <span class='ocrx_word' id='word_1_91' title='bbox 1587 1232 1754 1302; x_wconf 86' lang='lat' dir='ltr'>spiret</span> <span class='ocrx_word' id='word_1_92' title='bbox 1786 1250 1877 1288; x_wconf 79' lang='lat' dir='ltr'>ex-</span> 
     </span>
     <span class='ocr_line' id='line_1_16' title="bbox 511 1306 1878 1382; baseline -0.006 -14"><span class='ocrx_word' id='word_1_93' title='bbox 511 1310 850 1382; x_wconf 81' lang='lat' dir='ltr'>postulati0‚</span> <span class='ocrx_word' id='word_1_94' title='bbox 925 1306 985 1362; x_wconf 83' lang='lat'>&amp;</span> <span class='ocrx_word' id='word_1_95' title='bbox 1031 1323 1142 1372; x_wconf 86' lang='lat' dir='ltr'>e0‚</span> <span class='ocrx_word' id='word_1_96' title='bbox 1214 1322 1332 1373; x_wconf 89' lang='lat' dir='ltr'>quo</span> <span class='ocrx_word' id='word_1_97' title='bbox 1383 1307 1526 1372; x_wconf 78' lang='lat' dir='ltr'>dixi,</span> <span class='ocrx_word' id='word_1_98' title='bbox 1582 1307 1878 1374; x_wconf 88' lang='lat' dir='ltr'>collineet,</span> 
     </span>
     <span class='ocr_line' id='line_1_17' title="bbox 515 1377 1878 1453; baseline -0.004 -13"><span class='ocrx_word' id='word_1_99' title='bbox 515 1400 686 1453; x_wconf 88' lang='lat' dir='ltr'>quam</span> <span class='ocrx_word' id='word_1_100' title='bbox 719 1381 891 1435; x_wconf 87' lang='lat' dir='ltr'>fuerit</span> <span class='ocrx_word' id='word_1_101' title='bbox 915 1381 1199 1447; x_wconf 88' lang='lat' dir='ltr'>improba,</span> <span class='ocrx_word' id='word_1_102' title='bbox 1241 1377 1300 1433; x_wconf 67' lang='grc' dir='ltr'>ἅ</span> <span class='ocrx_word' id='word_1_103' title='bbox 1322 1379 1451 1432; x_wconf 88' lang='lat' dir='ltr'>Deo</span> <span class='ocrx_word' id='word_1_104' title='bbox 1482 1377 1771 1447; x_wconf 80' lang='lat' dir='ltr'>injuriosa,</span> <span class='ocrx_word' id='word_1_105' title='bbox 1815 1397 1878 1434; x_wconf 87' lang='lat' dir='ltr'>ac</span> 
     </span>
     <span class='ocr_line' id='line_1_18' title="bbox 515 1452 1892 1528; baseline -0.005 -15"><span class='ocrx_word' id='word_1_106' title='bbox 515 1461 755 1528; x_wconf 79' lang='lat' dir='ltr'>ingrata,</span> <span class='ocrx_word' id='word_1_107' title='bbox 784 1454 946 1508; x_wconf 89' lang='lat' dir='ltr'>facile</span> <span class='ocrx_word' id='word_1_108' title='bbox 980 1454 1205 1519; x_wconf 81' lang='lat' dir='ltr'>adparet</span> <span class='ocrx_word' id='word_1_109' title='bbox 1232 1468 1249 1516; x_wconf 72' lang='lat'>3</span> <span class='ocrx_word' id='word_1_110' title='bbox 1302 1463 1428 1505; x_wconf 89' lang='lat' dir='ltr'>toto</span> <span class='ocrx_word' id='word_1_111' title='bbox 1467 1452 1637 1505; x_wconf 86' lang='lat' dir='ltr'>etiam</span> <span class='ocrx_word' id='word_1_112' title='bbox 1669 1454 1836 1506; x_wconf 78' lang='lat' dir='ltr'>coelo</span> <span class='ocrx_word' id='word_1_113' title='bbox 1861 1469 1892 1505; x_wconf 80' lang='lat' dir='ltr'>a</span> 
     </span>
     <span class='ocr_line' id='line_1_19' title="bbox 515 1523 1883 1601; baseline -0.005 -16"><span class='ocrx_word' id='word_1_114' title='bbox 515 1533 608 1601; x_wconf 89' lang='lat' dir='ltr'>pia</span> <span class='ocrx_word' id='word_1_115' title='bbox 628 1527 881 1587; x_wconf 90' lang='lat' dir='ltr'>fidelium</span> <span class='ocrx_word' id='word_1_116' title='bbox 898 1567 913 1592; x_wconf 91' lang='lat'>‚</span> <span class='ocrx_word' id='word_1_117' title='bbox 957 1523 1017 1580; x_wconf 83' lang='lat'>&amp;</span> <span class='ocrx_word' id='word_1_118' title='bbox 1042 1525 1153 1579; x_wconf 91' lang='lat' dir='ltr'>Dei</span> <span class='ocrx_word' id='word_1_119' title='bbox 1180 1523 1557 1579; x_wconf 86' lang='lat' dir='ltr'>reverentium</span> <span class='ocrx_word' id='word_1_120' title='bbox 1574 1566 1589 1590; x_wconf 83' lang='lat'>,</span> <span class='ocrx_word' id='word_1_121' title='bbox 1620 1526 1883 1591; x_wconf 72' lang='lat' dir='ltr'>expostu-</span> 
     </span>
     <span class='ocr_line' id='line_1_20' title="bbox 514 1598 1889 1664; baseline -0.007 -4"><span class='ocrx_word' id='word_1_122' title='bbox 514 1603 724 1660; x_wconf 79' lang='lat' dir='ltr'>latione</span> <span class='ocrx_word' id='word_1_123' title='bbox 760 1598 991 1664; x_wconf 78' lang='lat' dir='ltr'>distans,</span> <span class='ocrx_word' id='word_1_124' title='bbox 1057 1598 1112 1651; x_wconf 93' lang='lat' dir='ltr'>in</span> <span class='ocrx_word' id='word_1_125' title='bbox 1154 1613 1322 1664; x_wconf 90' lang='lat' dir='ltr'>quam</span> <span class='ocrx_word' id='word_1_126' title='bbox 1353 1613 1762 1663; x_wconf 83' lang='lat' dir='ltr'>nonnunquam</span> <span class='ocrx_word' id='word_1_127' title='bbox 1798 1599 1889 1651; x_wconf 86' lang='lat' dir='ltr'>vel</span> 
     </span>
     <span class='ocr_line' id='line_1_21' title="bbox 502 1668 1882 1734; baseline -0.007 -2"><span class='ocrx_word' id='word_1_128' title='bbox 502 1694 588 1733; x_wconf 45' lang='lat' dir='ltr'>‘ex</span> <span class='ocrx_word' id='word_1_129' title='bbox 626 1672 847 1728; x_wconf 65' lang='lat' dir='ltr'>adfeetu</span> <span class='ocrx_word' id='word_1_130' title='bbox 882 1670 1290 1734; x_wconf 81' lang='lat' dir='ltr'>commotiore,</span> <span class='ocrx_word' id='word_1_131' title='bbox 1333 1670 1424 1722; x_wconf 87' lang='lat' dir='ltr'>vel</span> <span class='ocrx_word' id='word_1_132' title='bbox 1460 1668 1626 1721; x_wconf 86' lang='lat' dir='ltr'>instar</span> <span class='ocrx_word' id='word_1_133' title='bbox 1655 1669 1882 1724; x_wconf 82' lang='lat' dir='ltr'>rationis</span> 
     </span>
     <span class='ocr_line' id='line_1_22' title="bbox 501 1740 1884 1811; baseline -0.007 -6"><span class='ocrx_word' id='word_1_134' title='bbox 501 1745 821 1809; x_wconf 57' lang='lat' dir='ltr'>moventis»,</span> <span class='ocrx_word' id='word_1_135' title='bbox 862 1759 977 1811; x_wconf 81' lang='lat' dir='ltr'>qua</span> <span class='ocrx_word' id='word_1_136' title='bbox 999 1757 1194 1809; x_wconf 81' lang='lat' dir='ltr'>preces</span> <span class='ocrx_word' id='word_1_137' title='bbox 1222 1740 1508 1804; x_wconf 83' lang='lat' dir='ltr'>urserunt,</span> <span class='ocrx_word' id='word_1_138' title='bbox 1561 1754 1884 1807; x_wconf 81' lang='lat' dir='ltr'>eruperunt.</span> 
     </span>
     <span class='ocr_line' id='line_1_23' title="bbox 517 1811 1886 1881; baseline -0.009 -3"><span class='ocrx_word' id='word_1_139' title='bbox 517 1822 630 1878; x_wconf 88' lang='lat' dir='ltr'>Sed</span> <span class='ocrx_word' id='word_1_140' title='bbox 672 1828 787 1873; x_wconf 89' lang='lat' dir='ltr'>erat</span> <span class='ocrx_word' id='word_1_141' title='bbox 829 1815 1055 1881; x_wconf 86' lang='lat' dir='ltr'>insuper</span> <span class='ocrx_word' id='word_1_142' title='bbox 1088 1811 1146 1868; x_wconf 83' lang='lat'>&amp;</span> <span class='ocrx_word' id='word_1_143' title='bbox 1184 1813 1290 1866; x_wconf 89' lang='lat' dir='ltr'>alio</span> <span class='ocrx_word' id='word_1_144' title='bbox 1326 1812 1555 1865; x_wconf 84' lang='lat' dir='ltr'>nomine</span> <span class='ocrx_word' id='word_1_145' title='bbox 1590 1813 1752 1865; x_wconf 85' lang='lat' dir='ltr'>valde</span> <span class='ocrx_word' id='word_1_146' title='bbox 1787 1813 1886 1866; x_wconf 86' lang='lat' dir='ltr'>im-</span> 
     </span>
     <span class='ocr_line' id='line_1_24' title="bbox 517 1882 1888 1962; baseline -0.007 -13"><span class='ocrx_word' id='word_1_147' title='bbox 517 1905 793 1962; x_wconf 85' lang='lat' dir='ltr'>portuna,</span> <span class='ocrx_word' id='word_1_148' title='bbox 844 1887 904 1943; x_wconf 88' lang='lat'>&amp;</span> <span class='ocrx_word' id='word_1_149' title='bbox 956 1886 1086 1939; x_wconf 91' lang='lat' dir='ltr'>Deo</span> <span class='ocrx_word' id='word_1_150' title='bbox 1138 1882 1579 1948; x_wconf 84' lang='lat' dir='ltr'>contumeliosa,</span> <span class='ocrx_word' id='word_1_151' title='bbox 1643 1899 1686 1937; x_wconf 87' lang='lat'>1.</span> <span class='ocrx_word' id='word_1_152' title='bbox 1727 1887 1888 1951; x_wconf 86' lang='lat' dir='ltr'>quod</span> 
     </span>
     <span class='ocr_line' id='line_1_25' title="bbox 522 1953 1890 2037; baseline -0.007 -15"><span class='ocrx_word' id='word_1_153' title='bbox 522 1965 700 2037; x_wconf 67' lang='lat' dir='ltr'>Iudaei</span> <span class='ocrx_word' id='word_1_154' title='bbox 737 1961 971 2016; x_wconf 83' lang='lat' dir='ltr'>reduces</span> <span class='ocrx_word' id='word_1_155' title='bbox 1002 1958 1151 2012; x_wconf 89' lang='lat' dir='ltr'>haud</span> <span class='ocrx_word' id='word_1_156' title='bbox 1176 1973 1287 2011; x_wconf 85' lang='lat' dir='ltr'>una</span> <span class='ocrx_word' id='word_1_157' title='bbox 1310 1956 1526 2010; x_wconf 86' lang='lat' dir='ltr'>ratione</span> <span class='ocrx_word' id='word_1_158' title='bbox 1553 1953 1667 2009; x_wconf 81' lang='lat' dir='ltr'>sese</span> <span class='ocrx_word' id='word_1_159' title='bbox 1692 1957 1890 2012; x_wconf 82' lang='lat' dir='ltr'>favore</span> 
     </span>
     <span class='ocr_line' id='line_1_26' title="bbox 513 2026 1899 2101; baseline -0.008 -6"><span class='ocrx_word' id='word_1_160' title='bbox 513 2027 633 2095; x_wconf 76' lang='lat' dir='ltr'>‘Dei</span> <span class='ocrx_word' id='word_1_161' title='bbox 681 2034 937 2101; x_wconf 82' lang='lat' dir='ltr'>indignos</span> <span class='ocrx_word' id='word_1_162' title='bbox 985 2029 1370 2097; x_wconf 80' lang='lat' dir='ltr'>praestiterint,</span> <span class='ocrx_word' id='word_1_163' title='bbox 1410 2026 1471 2083; x_wconf 84' lang='lat'>&amp;</span> <span class='ocrx_word' id='word_1_164' title='bbox 1507 2027 1640 2082; x_wconf 82' lang='lat' dir='ltr'>iram</span> <span class='ocrx_word' id='word_1_165' title='bbox 1688 2028 1799 2083; x_wconf 89' lang='lat' dir='ltr'>Dei</span> <span class='ocrx_word' id='word_1_166' title='bbox 1831 2031 1899 2085; x_wconf 78' lang='lat' dir='ltr'>in-</span> 
     </span>
     <span class='ocr_line' id='line_1_27' title="bbox 521 2101 1892 2178; baseline -0.007 -11"><span class='ocrx_word' id='word_1_167' title='bbox 521 2113 578 2168; x_wconf 85' lang='lat' dir='ltr'>se</span> <span class='ocrx_word' id='word_1_168' title='bbox 612 2105 993 2178; x_wconf 83' lang='lat' dir='ltr'>provocarint.</span> <span class='ocrx_word' id='word_1_169' title='bbox 1071 2102 1230 2156; x_wconf 88' lang='lat' dir='ltr'>Sicut</span> <span class='ocrx_word' id='word_1_170' title='bbox 1267 2101 1544 2170; x_wconf 85' lang='lat' dir='ltr'>propheta</span> <span class='ocrx_word' id='word_1_171' title='bbox 1582 2101 1639 2154; x_wconf 90' lang='lat' dir='ltr'>in</span> <span class='ocrx_word' id='word_1_172' title='bbox 1678 2116 1892 2167; x_wconf 88' lang='lat' dir='ltr'>praece-</span> 
     </span>
     <span class='ocr_line' id='line_1_28' title="bbox 522 2173 1893 2241; baseline -0.01 -2"><span class='ocrx_word' id='word_1_173' title='bbox 522 2183 783 2239; x_wconf 88' lang='lat' dir='ltr'>dentibus</span> <span class='ocrx_word' id='word_1_174' title='bbox 853 2179 908 2230; x_wconf 91' lang='lat' dir='ltr'>in</span> <span class='ocrx_word' id='word_1_175' title='bbox 954 2174 1167 2229; x_wconf 88' lang='lat' dir='ltr'>animos</span> <span class='ocrx_word' id='word_1_176' title='bbox 1214 2190 1414 2229; x_wconf 88' lang='lat' dir='ltr'>eorum</span> <span class='ocrx_word' id='word_1_177' title='bbox 1464 2173 1767 2241; x_wconf 83' lang='lat' dir='ltr'>defixerat,</span> <span class='ocrx_word' id='word_1_178' title='bbox 1831 2174 1893 2232; x_wconf 84' lang='lat'>&amp;</span> 
     </span>
     <span class='ocr_line' id='line_1_29' title="bbox 522 2245 1893 2317; baseline -0.006 -7"><span class='ocrx_word' id='word_1_179' title='bbox 522 2272 661 2311; x_wconf 72' lang='lat' dir='ltr'>mox</span> <span class='ocrx_word' id='word_1_180' title='bbox 697 2255 754 2308; x_wconf 92' lang='lat' dir='ltr'>in</span> <span class='ocrx_word' id='word_1_181' title='bbox 787 2248 1136 2317; x_wconf 75' lang='lat' dir='ltr'>responsoria</span> <span class='ocrx_word' id='word_1_182' title='bbox 1175 2248 1446 2315; x_wconf 86' lang='lat' dir='ltr'>pericopa</span> <span class='ocrx_word' id='word_1_183' title='bbox 1478 2246 1684 2312; x_wconf 83' lang='lat' dir='ltr'>repetit</span> <span class='ocrx_word' id='word_1_184' title='bbox 1716 2245 1777 2303; x_wconf 65' lang='grc' dir='ltr'>δι</span> <span class='ocrx_word' id='word_1_185' title='bbox 1813 2249 1893 2302; x_wconf 85' lang='lat' dir='ltr'>in-</span> 
     </span>
     <span class='ocr_line' id='line_1_30' title="bbox 526 2316 1899 2445; baseline -0.007 -62"><span class='ocrx_word' id='word_1_186' title='bbox 526 2328 757 2384; x_wconf 77' lang='lat' dir='ltr'>stantius</span> <span class='ocrx_word' id='word_1_187' title='bbox 781 2335 957 2393; x_wconf 77' lang='lat' dir='ltr'>urget.</span> <span class='ocrx_word' id='word_1_188' title='bbox 986 2337 1035 2376; x_wconf 84' lang='lat'>2.</span> <span class='ocrx_word' id='word_1_189' title='bbox 1060 2321 1190 2388; x_wconf 86' lang='lat' dir='ltr'>quia</span> <span class='ocrx_word' id='word_1_190' title='bbox 1206 2319 1429 2393; x_wconf 83' lang='lat' dir='ltr'>Jehova</span> <span class='ocrx_word' id='word_1_191' title='bbox 1452 2316 1597 2385; x_wconf 86' lang='lat' dir='ltr'>sese,</span> <span class='ocrx_word' id='word_1_192' title='bbox 1635 2330 1899 2445; x_wconf 59' lang='lat' dir='ltr'>tanlquam</span> 
     </span>
    </p>

    <p class='ocr_par' dir='ltr' id='par_1_4' title="bbox 1775 2409 1889 2448">
     <span class='ocr_line' id='line_1_31' title="bbox 1775 2409 1889 2448; baseline 0.026 -4"><span class='ocrx_word' id='word_1_193' title='bbox 1775 2409 1889 2448; x_wconf 66' lang='lat' dir='ltr'>eum</span> 
     </span>
    </p>
   </div>
  </div>
 </body>
</html>
