2068 2927
573 131 683 194 344
762 101 1873 168 COMMENTARIUS

548 293 550 295 -
574 273 621 311 2.
657 251 1055 320 exceptio-nem
1070 247 1436 321 judaeorum,
1460 245 1637 301 modo
1666 261 1934 306 memora-

572 342 714 394 tam,
755 326 952 380 acriter
985 321 1044 378 &
1069 323 1375 390 pleniffime
1396 319 1663 373 refellere.
1741 319 1938 379 Decla-

569 414 651 456 rat
676 400 857 464 enim,
898 413 999 464 per
1025 395 1262 449 modum
1283 391 1768 459 interrogationis,
1808 408 1935 459 quae

569 476 933 528 vehementer
995 478 1156 534 negat
1182 506 1198 531 ‚
1260 465 1488 518 nomine
1521 462 1792 533 jehovae,
1831 467 1938 523 Dei

570 546 888 600 exercituum
907 541 1106 606 ,ipsius
1132 539 1277 592 illius
1294 579 1310 603 ‚
1352 536 1449 602 qui
1480 537 1712 590 divortia
1734 542 1938 605 permi-

569 618 735 683 ierat,
776 626 993 668 tantum
1022 611 1230 676 abesse,
1273 623 1336 664 ut
1377 606 1937 681 ejusmodi-repudia,

571 692 777 760 quibus
801 689 914 742 hoc
938 698 1195 751 tempore
1218 699 1426 737 uxores
1457 684 1838 750 expellebant,
1863 685 1930 739 le-

567 766 624 835 gi
648 763 820 817 essent
840 758 1236 822 consentanea,
1262 755 1337 812 ,δε
1360 755 1630 823 legitima3
1657 768 1722 810 ut
1740 772 1939 823 puram

569 849 766 905 putam
789 833 1054 887 duritiem
1070 871 1085 895 ,
1128 828 1188 883 &
1210 829 1535 883 violentiam
1552 867 1567 891 ‚
1594 844 1706 894 qua
1728 845 1935 886 uxores

569 910 867 973 obvelant,
917 904 1163 971 spirent3
1214 903 1473 967 adeoque
1509 899 1663 968 legem
1702 904 1938 968 permis-

567 983 737 1036 fivam
786 995 855 1032 eo
903 976 1129 1044 pellime
1165 975 1321 1026 trahi.
1402 972 1529 1024 Oflio
1571 974 1717 1025 enim
1757 977 1937 1030 mariti

570 1069 705 1109 cum
764 1051 1068 1117 Legissator
1103 1046 1436 1112 potestatem
1459 1043 1777 1097 ⁴dimittendi
1801 1062 1945 1102 uxo-

564 1141 684 1179 rem
723 1120 1020 1177 indulserat
1048 1158 1063 1183 ‚
1127 1131 1244 1170 non
1279 1116 1675 1182 qualecunque
1711 1116 1938 1187 odium,

568 1209 664 1252 aut
698 1195 910 1259 solum,
969 1189 1273 1253 intellexit,
1335 1186 1430 1241 sed
1463 1202 1529 1240 ex
1561 1185 1706 1254 justa
1743 1190 1933 1257 causa,

562 1286 696 1338 quae
738 1280 980 1322 uxorem
1013 1261 1229 1333 odiosam
1262 1260 1495 1314 reddere
1530 1272 1784 1327 poterat,
1845 1280 1938 1318 na-

566 1357 717 1398 tum:
758 1341 842 1395 uti
864 1336 980 1406 ipfa
1002 1337 1135 1403 legis
1159 1335 1328 1388 verba
1351 1333 1585 1398 habent,
1617 1332 1666 1404 si
1681 1335 1810 1404 quid
1825 1346 1938 1389 ἴην-

556 1428 624 1489 pe
665 1417 719 1469 in
754 1429 912 1467 uxore
941 1408 1114 1463 fuerit
1154 1403 1593 1478 deprehensum,
1644 1422 1762 1461 non
1802 1424 1935 1477 ergo

562 1489 769 1544 odium
791 1483 1058 1553 injustum
1075 1521 1089 1545 ‚
1107 1480 1175 1534 de
1198 1479 1377 1532 mariti
1403 1478 1608 1533 duritie
1635 1477 1695 1534 &
1720 1481 1935 1536 violen-

567 1563 643 1617 tia
672 1559 839 1615 unice
873 1557 1106 1621 testans;
1157 1553 1320 1620 quale
1355 1551 1587 1606 nuncin
1611 1568 1819 1608 uxores
1840 1570 1935 1621 pa-

561 1633 901 1689 tefaciebant
926 1627 988 1683 ἃ
1019 1626 1366 1682 exercebant.
1434 1624 1561 1676 Odio
1583 1641 1700 1678 non
1724 1637 1939 1680 tantum

567 1705 773 1775 injusto
790 1745 805 1770 ,
851 1702 945 1756 sed
981 1699 1042 1755 ἃς
1074 1700 1220 1753 duro
1246 1714 1307 1750 ae
1334 1696 1588 1750 violento
1616 1709 1768 1750 erant
1791 1699 1848 1752 in
1873 1715 1937 1753 u-

566 1795 736 1834 xores
773 1773 1003 1839 adfeffi,
1027 1771 1088 1828 ὃς
1129 1787 1216 1825 eas
1252 1770 1529 1823 violenter
1552 1771 1934 1837 expellebant3

566 1868 685 1907 non
722 1851 795 1904 ob
832 1848 1043 1902 crimen
1081 1856 1177 1899 aut
1213 1840 1429 1910 molestos
1467 1856 1684 1906 more5‚
1727 1844 1935 1908 quibus

561 1922 780 1980 odiosae
805 1920 924 1974 fieri
946 1927 1234 1986 poterant,
1251 1912 1345 1967 sed
1371 1912 1528 1981 quod
1550 1913 1727 1967 mariti
1746 1957 1764 1980 .,
1786 1931 1936 1970 arno-

568 2013 697 2053 rum
725 1993 1032 2049 desultores
1048 2033 1063 2057 ‚
1089 1991 1181 2043 vel
1205 1990 1361 2042 nullo
1381 2029 1396 2053 ,
1419 1986 1510 2040 vel
1534 1986 1770 2053 leviore,
1798 2002 1937 2055 prae-

566 2082 728 2125 textu
760 2083 847 2122 eas
874 2073 1261 2127 removerent3
1284 2058 1941 2130 qualeslepideperstrin-

559 2143 645 2215 git
669 2137 957 2214 juvenalis
990 2147 1018 2178 ⁰
1788 2205 1839 2266 T

1842 2223 1929 2263 res

616 2321 642 2354 ω
664 2309 754 2355 Sat.
768 2318 844 2354 vt.
864 2317 908 2357 v„
929 2314 1025 2361 143.
