2068 2927
515 192 644 265 &3548
728 181 1104 243 C22O-M1M
1147 179 1193 234 E
1239 178 1299 233 N
1344 177 1400 233 T
1444 176 1496 232 A
1535 178 1587 233 R
1629 180 1654 235 Ι
1697 181 1758 236 U
1808 183 1843 238 S

622 326 652 398 g
683 323 942 381 CXXVI.
1019 318 1432 388 Conipleftittli·
1495 318 1617 373 haec
1674 319 1917 387 responsi

521 404 611 457 ⁴ad
663 394 1063 455 calumniosam
1103 395 1193 448 vel
1233 391 1679 458 intempestivam
1711 397 1913 460 populi

541 470 1052 542 expostulationem
1084 465 1435 519 refutandam
1468 479 1590 530 pars
1627 466 1723 518 dno
1747 481 1917 523 mem-

541 550 669 611 bra,
733 555 982 610 quorum
1004 539 1163 609 prins
1199 537 1307 601 est,
1346 535 1604 590 Meffiam
1640 536 1742 591 suo
1780 550 1915 594 tem-

539 635 711 688 pore,
752 631 887 669 mox
922 611 1051 679 post
1085 610 1233 664 viam
1266 625 1368 675 per
1393 609 1667 677 Legatum
1688 609 1799 664 Dei
1822 626 1914 678 pa-

545 705 744 756 ratam,
789 685 901 742 sese
940 686 997 739 in
1036 683 1225 738 medio
1248 682 1449 749 populi
1474 681 1804 749 praesentem
1828 700 1920 739 ex·

541 767 875 820 hibuturum
911 758 1047 824 esse,
1114 768 1378 822 tanquam
1410 754 1693 822 Angelum
1722 756 1916 811 foede-

542 839 647 903 ri53
680 833 930 908 posterius
969 831 1165 894 habet,
1221 828 1373 881 Eum
1407 825 1520 880 sese
1553 829 1724 897 longe
1748 830 1919 885 alium

542 909 957 978 praestiturum,
993 920 1056 957 ac
1102 903 1325 969 qualem
1364 899 1471 967 Ipfi
1500 909 1537 966 ,“
1576 898 1920 967 praeiudiciis

538 979 842 1048 occupati,
871 975 1288 1042 exspefmbanu
1339 971 1733 1042 refhrmntorena
1759 974 1920 1028 nimi-

540 1071 667 1111 rum
698 1050 931 1121 populi,
974 1059 1038 1101 ut
1069 1047 1199 1099 Deo
1233 1056 1381 1112 grata
1418 1043 1725 1105 offerantur
1759 1045 1920 1100 sacri-

541 1129 669 1182 ficia
693 1125 754 1179 &
780 1120 900 1187 ipso
931 1119 1110 1188 digna.
1180 1115 1346 1170 Prius
1373 1114 1458 1169 his
1481 1115 1669 1169 verbis
1699 1116 1837 1171 vers.
1873 1134 1916 1172 1.

544 1196 879 1253 enunciatur
917 1233 933 1257 ,
1014 1208 1120 1244 ecce
1192 1205 1269 1242 me
1326 1188 1609 1242 mittentem
1657 1187 1920 1259 Angelum

542 1287 710 1326 enemn
724 1310 739 1335 ‚
787 1277 846 1321 nt
885 1263 1163 1336 complanet
1200 1262 1346 1316 vienn
1366 1271 1488 1315 ante
1502 1259 1698 1332 faeiem
1719 1279 1885 1316 meanz
1900 1304 1917 1329 ‚

543 1343 604 1400 &⁹
631 1342 804 1413 sitbito
855 1338 1031 1393 veniet
1075 1338 1148 1390 nd
1171 1334 1433 1407 palatium
1458 1334 1616 1405 finam
1652 1333 1916 1390 Dominus

543 1417 626 1471 ille
644 1457 659 1482 ‚
710 1429 857 1484 quem
888 1427 982 1465 vos
1016 1408 1283 1479 qncerim'ffi
1341 1405 1400 1461 &⁹
1437 1407 1670 1478 Angelus
1689 1405 1920 1478 foederis

545 1488 723 1559 istius,
764 1503 910 1557 quem
946 1499 1040 1538 vos
1076 1482 1310 1551 diligitis.
1350 1480 1403 1534 h.
1445 1496 1491 1535 e.
1519 1480 1700 1534 statim
1725 1493 1788 1534 ac
1817 1480 1917 1535 mi-

545 1563 708 1617 serim
742 1558 1026 1627 Angelum
1065 1553 1161 1608 seu
1194 1556 1438 1623 legatum
1472 1569 1695 1619 meum,
1740 1564 1917 1608 extra·

544 1633 822 1690 ordinarie
855 1628 1243 1684 suscitandum
1268 1667 1284 1692 ‚
1347 1627 1415 1679 ad
1451 1627 1664 1679 animos
1702 1627 1916 1680 vestros

543 1704 938 1777 praeparandos
965 1743 981 1767 ,
1044 1712 1322 1767 aptosque
1368 1699 1435 1751 ad
1465 1714 1556 1750 me
1590 1696 1649 1754 ὃ(
1684 1713 1920 1765 regnum

545 1796 736 1835 meum
772 1777 829 1830 in
862 1774 1053 1828 medio
1090 1773 1336 1825 vestrum
1361 1770 1756 1836 recipiendum
1796 1771 1919 1824 red-

543 1854 792 1913 dendos;
836 1846 1121 1901 adtendite
1148 1842 1373 1911 quaes03
1413 1843 1603 1895 veniet
1627 1842 1914 1896 Dominus

546 1929 636 1981 ille
665 1921 893 1993 judicii,
949 1935 1120 1987 quem
1151 1915 1475 1984 postulatiS,
1528 1912 1589 1969 δε
1624 1912 1916 1982 supremus

547 1999 772 2068 angelus
793 1992 1040 2048 foederis
1066 1989 1339 2044 mediator
1364 1986 1423 2042 &
1441 1986 1713 2051 servator,
1729 1988 1784 2040 in
1798 2004 1918 2054 quo

545 2067 930 2138 acquiescitis3
970 2077 1034 2117 ut
1060 2065 1115 2117 in
1138 2061 1327 2115 medio
1353 2060 1599 2120 vestrum
1625 2062 1916 2126 adpareat,

545 2145 607 2204 δί
644 2144 880 2199 domum
904 2141 1086 2202 luam,
1135 2133 1313 2189 cultui
1341 2130 1458 2199 ejus
1485 2132 1755 2197 dicatam,
1796 2135 1917 2189 vifi-

544 2230 640 2272 tet.
718 2212 810 2268 Ad
836 2210 1088 2265 eundum
1111 2209 1166 2262 in
1193 2221 1394 2276 genere
1422 2205 1709 2272 populum
1735 2204 1914 2261 sermo

545 2288 828 2357 dirigitur,
857 2283 955 2350 qui
989 2299 1120 2337 cum
1149 2280 1279 2333 Deo
1318 2278 1802 2346 expostulaverat,
1851 2278 1912 2334 ὃ(

545 2364 716 2419 Deam
761 2357 954 2426 judicii
1011 2371 1128 2411 non
1168 2352 1346 2406 adesse
1384 2352 1733 2417 conquestus
1778 2364 1921 2418 erat,

571 2457 577 2462 ·
841 2456 845 2458 ·
1815 2440 1910 2479 (τυ.ω
