2068 2927
421 187 493 227 22.
569 162 1606 225 PROLEGOMENAV

421 332 527 389 pue
570 308 714 366 hisce
759 312 969 368 duobus
1010 311 1356 386 superstruxit
1390 312 1796 382 fiindamenti33

421 387 607 453 alterO,
650 386 800 458 quod
836 386 983 459 praes.
1007 387 1256 459 temporis
1281 387 1449 460 phrafi
1476 388 1621 442 Deus
1643 387 1793 441 dicat

424 478 470 513 e.
503 478 617 521 ,1112
658 478 700 513 1.
730 476 851 529 ¹ecce
899 476 973 513 me
1015 462 1296 515 mittentem
1340 460 1593 533 Angelum
1632 476 1798 515 meum

426 538 534 588 &c.
573 531 766 597 altero,
804 530 956 602 quod
987 532 1182 583 crimen
1216 536 1513 603 nuptiarum
1544 551 1655 586 cum
1672 533 1799 602 filia

426 606 533 662 Dei
559 607 832 678 peregrini,
884 620 927 656 c.
966 621 1035 656 11:
1075 621 1158 657 11.
1203 604 1411 674 populo
1445 604 1793 675 imputatum,

428 680 484 733 in
514 678 736 750 judaeos
769 695 864 732 nec
896 693 1133 747 tempore
1170 675 1486 746 Prophetae,
1530 695 1622 730 nec
1647 677 1797 730 dein-

433 769 581 823 ceps,
626 753 852 822 quadret
883 749 970 802 sed
991 749 1240 820 quando,
1268 749 1524 803 Romanis
1548 749 1802 820 subjesti‚

437 824 696 878 Caesarem
724 843 821 895 pro
843 841 962 892 rege
984 837 1190 875 tantum
1217 838 1570 894 agnoverunt:
1614 824 1681 876 de
1704 822 1804 875 foe·

435 898 558 951 dere
588 898 728 950 enirn
765 895 1098 967 subjectionis
1120 894 1433 966 Judaeorum
1456 913 1577 949 cum
1606 896 1807 950 Rorna-

399 1032 404 1039 l
439 972 514 1024 nis
551 970 758 1042 phrasin
795 973 1184 1039 interpretatur.
1278 967 1418 1037 Qiae
1451 968 1676 1021 rationes
1717 986 1811 1038 pa-

438 1063 553 1099 rum
595 1046 788 1097 habent
821 1043 1021 1096 roboris
1046 1083 1062 1108 ,
1116 1040 1368 1113 posterior
1398 1043 1558 1094 etiam
1590 1040 1813 1093 destruit

440 1115 782 1190 hypothesin.
863 1113 1065 1167 Phrafis
1096 1116 1236 1167 enim
1270 1114 1416 1186 praes.
1456 1113 1705 1186 temporis
1730 1130 1816 1165 ae·

443 1210 550 1263 que
585 1191 652 1243 de
674 1188 857 1242 futuro
880 1207 939 1240 ac
959 1187 1125 1258 praes.
1154 1189 1391 1257 capitur,
1432 1193 1484 1242 &
1508 1186 1632 1240 inde
1653 1185 1819 1258 origi-

443 1282 562 1317 nem
601 1263 779 1322 ducit,
825 1260 976 1331 quod
999 1258 1236 1313 futurum
1263 1260 1355 1312 fibi
1383 1273 1649 1331 proponat
1674 1272 1817 1313 vates

443 1352 698 1405 tanquam
725 1333 944 1406 praesens
961 1333 1042 1397 ,in
1070 1334 1178 1400 ejus
1204 1334 1455 1401 temporis
1481 1332 1668 1385 duetus
1688 1349 1820 1384 con-

444 1408 874 1477 templationem:
919 1404 1000 1457 uti
1025 1402 1304 1474 Prophetis
1328 1404 1547 1458 in'fflore
1570 1403 1659 1457 est.
1702 1403 1819 1456 ÷Sic

445 1481 554 1557 Jes.
590 1499 696 1533 v11:
740 1497 802 1549 14
860 1495 956 1533 ecce
992 1479 1142 1548 virgo
1166 1479 1371 1550 concepit
1397 1484 1447 1532 ὅ(
1469 1479 1608 1550 parit
1614 1475 1818 1547 fillum..

452 1561 555 1610 &a
608 1551 844 1623 qualium
889 1548 961 1602 est
998 1567 1184 1621 magna
1221 1551 1377 1621 copia
1413 1550 1776 1620 exemplorum
1806 1590 1825 1617 ,

453 1645 573 1699 quae
608 1626 810 1694 ubique
843 1620 1094 1694 prostant.
1178 1622 1282 1675 Sed
1317 1621 1388 1675 est
1425 1630 1475 1677 &
1514 1622 1614 1674 alia
1647 1624 1782 1675 ratio
1804 1663 1825 1689 ‚

450 1718 614 1771 quare
659 1697 915 1768 johannis
964 1696 1293 1765 praecursoris
1353 1693 1519 1747 miffio
1561 1714 1617 1747 ea
1657 1694 1830 1765 phrafi

457 1773 809 1843 exprimatur,
829 1788 931 1821 non
958 1768 1107 1838 quod
1128 1769 1228 1836 jam
1253 1767 1411 1826 adsit,
1431 1767 1517 1820 sed
1541 1768 1690 1838 quod
1708 1786 1830 1821 cum

445 1846 689 1901 adventu
729 1842 976 1902 Domini,
1020 1839 1355 1912 quifuturus
1381 1843 1599 1912 legitur,
1639 1843 1826 1894 imme·

459 1919 603 1973 diate
638 1916 914 1969 cohaereat.
997 1914 1081 1967 De
1113 1932 1227 1985 quo
1259 1915 1437 1986 postea
1464 1914 1649 1967 dicam.
1732 1915 1832 1968 Po-

443 1993 630 2063 sterior
654 1990 816 2055 ratic),
841 2005 959 2042 cum
985 1986 1112 2039 falsa
1137 1986 1198 2040 fit
1223 1991 1343 2041 nixa
1371 1987 1831 2058 interpretatione,

461 2068 652 2135 sponte
681 2062 772 2114 sua
806 2061 1034 2126 corruit,
1087 2066 1140 2113 ὃς
1175 2080 1291 2114 vera
1323 2061 1618 2132 explicatio
1654 2059 1837 2130 hypo-s

464 2133 632 2190 the-fin
662 2133 817 2203 plan-e
838 2134 1056 2187 evertit.‘
1127 2131 1310 2187 Fa'lmm
1333 2136 1435 2189 Det
1455 2135 1697 2207 peregrim
1720 2128 1834 2184 da'li-

435 2208 577 2281 'gere
611 2211 660 2259 ὃς
687 2205 888 2273 ducere,
930 2206 994 2258 de
1017 2205 1320 2275 Judaeorum
1350 2207 1644 2259 voluntaria
1669 2205 1836 2273 subje-

454 2277 642 2334 &tone
666 2278 950 2345 Romanis,
994 2296 1172 2338 nemo,
1221 2279 1312 2332 nisi
1340 2298 1435 2349 pro
1457 2278 1667 2330 arbitrio
1684 2291 1837 2347 agat,

461 2354 797 2423 ..interpretari
823 2351 1027 2422 *poterit
1053 2382 1070 2417 5
1122 2369 1241 2405 cum
1274 2353 1417 2407 nulla
1451 2350 1511 2404 fit
1544 2353 1650 2422 ejus
1685 2352 1836 2404 ratio,

1728 2416 1840 2476 Sed
