2068 2927
456 151 497 205 'A
539 166 575 204 n
687 144 756 203 M
793 145 846 203 A
887 145 974 204 L.·
1076 164 1137 203 1:
1206 166 1288 207 10.
1430 170 1527 212 nt

154 314 213 354 ra
239 293 541 366 Scripturae
564 295 733 351 verba
756 291 1031 362 opponit,
1055 300 1333 365 propterea
1366 299 1526 366 dicit,

146 370 467 438 Scriptura,
491 366 691 439 (longe
713 366 867 420 aliter
890 382 953 420 ac
982 381 1088 420 vos
1119 369 1330 434 putatis
1354 371 1528 444 falso)

147 443 298 497 Deus
329 440 570 514 fizperbis
613 438 789 510 reststit
813 480 830 507 ,
883 436 1161 492 humilibus
1213 457 1338 495 vero
1375 441 1528 514 (non

144 513 344 584 μείζονι,
391 513 475 568 uti
511 512 798 579 superiora
832 511 1000 564 verba
1033 509 1174 589 falso
1205 514 1481 570 habebant
1504 556 1523 581 ‚

149 602 268 655 quo
320 586 410 639 hic
445 583 783 652 respicitur,
834 582 930 636 sed
975 583 1231 655 πεντακις)
1281 588 1375 640 dat
1397 605 1520 656 gra„

148 660 295 717 tiam.
336 657 425 711 Ex
452 657 658 724 quibus
681 654 1037 708 manifestum
1058 655 1171 720 est,
1210 659 1375 722 quod
1403 674 1522 714 non.

148 742 262 786 erat
302 727 694 797 negligendum
723 766 740 791 ‚
809 725 1000 779 Deum
1046 727 1129 781 his
1173 729 1356 783 verbis
1404 746 1524 784 non>

144 803 320 866 velle,
360 800 527 855 altare
559 799 616 851 in
660 798 952 865 posterum
987 814 1105 852 non
1131 800 1239 854 effe
1257 800 1370 870 igni
1398 800 1518 856 suc-

145 872 441 930 cendendo
468 868 529 926 &
553 870 791 925 victimis
822 870 1131 924 cremandis
1159 873 1394 938 amplius
1420 874 1519 930 im-

145 944 542 1012 pendendum,
583 943 689 997 acfi
732 943 952 997 cultum
988 943 1244 998 ritualem
1269 945 1521 1014 abrogas—

145 1015 259 1081 set,
297 1015 381 1068 uti
409 1016 668 1069 nonnulli
694 1028 1067 1081 acceperunt,
1099 1016 1157 1068 in
1182 1033 1329 1070 voce
1349 1019 1523 1088 gratis·-

149 1090 455 1150 haerente53
496 1085 590 1140 sed
615 1090 766 1141 nolle
790 1088 1135 1157 depravatum
1159 1091 1405 1155 cultum,
1426 1088 1522 1144 seu

148 1162 314 1217 altare
348 1157 512 1212 suum
550 1159 780 1213 accendi
815 1159 1079 1224 inaniter,
1123 1162 1206 1215 uti
1247 1161 1482 1228 exposui
1502 1180 1524 1230 ἑ

147 1233 286 1300 quin
323 1231 473 1284 haud
513 1231 751 1286 obscure
789 1231 1061 1284 insinuare
1083 1272 1098 1296 ‚
1151 1235 1373 1298 qualem
1408 1236 1520 1288 exi-

145 1316 235 1373 gat
268 1301 532 1372 aJudaeis
573 1305 822 1367 cultum,
876 1302 1024 1355 immi
1059 1305 1415 1371 oppositum,
1458 1307 1521 1360 si-

147 1377 266 1429 mul
288 1389 386 1427 eos
412 1374 479 1427 ad
504 1374 562 1427 id
584 1375 749 1427 tacite
776 1373 1045 1428 excitare:
1087 1391 1262 1441 quem
1285 1377 1519 1443 conspe-

149 1448 302 1501 ctum
341 1462 514 1500 voces
558 1445 722 1500 etiam
753 1447 973 1509 ferunt,
1013 1461 1148 1500 cum
1187 1448 1256 1500 ad
1288 1450 1525 1504 modum

148 1519 410 1575 intersim
444 1520 569 1587 capi
602 1519 861 1586 poliunt,
903 1515 963 1571 δέ’
989 1536 1052 1573 ne
1075 1520 1367 1574 accendatis
1394 1522 1525 1575 alm-

147 1610 207 1649 re
240 1608 409 1645 meum
445 1592 706 1658 inaniter,
761 1591 921 1658 quod
959 1591 1311 1645 contrarium
1381 1611 1530 1646 νιετσ-

134 1677 291 1739 ptum
332 1664 620 1728 involvit3
683 1680 800 1731 quo
832 1662 1100 1730 jubentur
1137 1663 1279 1719 illud,
1336 1665 1525 1732 olide‚

149 1737 275 1807 jure
301 1733 361 1790 &
388 1736 637 1803 legitime
659 1737 859 1790 facere.

160 1841 175 1849 —
228 1807 261 1877 ἓ
289 1805 408 1862 XL.
477 1832 519 1863 η.
561 1809 795 1876 Repetit
819 1808 979 1863 Deus
1006 1810 1527 1877 reprehenfionem,

153 1878 253 1933 seu
275 1893 425 1932 nova
451 1896 572 1934 eam
594 1894 754 1950 urget
778 1881 1030 1935 instantia
1054 1897 1124 1936 ex
1152 1885 1525 1949 comparatio-

157 1968 231 2006 ne
267 1951 669 2017 profanationis
697 1953 938 2007 nominis
964 1954 1073 2009 Dei
1100 1971 1128 2007 a
1154 1953 1532 2011 sacerdotibus

159 2039 293 2077 cum
336 2019 454 2088 ejus
496 2025 900 2091 glorificatione
924 2066 940 2090 ,
1001 2026 1103 2080 suo
1141 2040 1396 2094 tempore
1435 2044 1536 2094 per

161 2107 351 2148 totum
381 2096 576 2148 orbem
598 2113 629 2148 a
656 2098 933 2150 Gentibus
961 2098 1245 2162 facienda,
1274 2113 1342 2150 eo
1372 2101 1536 2152 etiam

164 2165 358 2233 scopo}
387 2179 481 2232 ut,
522 2169 741 2222 cultum
778 2169 935 2220 illum
973 2170 1226 2228 ritualem
1267 2185 1399 2223 cum
1425 2187 1535 2224 me-

161 2239 300 2293 liore
331 2253 393 2291 ac
419 2238 685 2305 spirituali
711 2239 817 2293 esse
845 2242 1343 2306 commutandum,
1383 2243 1538 2313 figni-

164 2309 355 2366 ficaret
381 2352 397 2379 ‚
460 2327 531 2365 ne
579 2312 836 2368 Israelitae
862 2354 878 2379 ,
930 2313 1121 2369 Deum
1154 2312 1255 2369 suo
1293 2314 1540 2383 indigere

915 2383 968 2456 Q
1424 2389 1538 2442 cul·
