2068 2927
588 168 693 260 με
765 154 1898 235 COMMENTARIUS

598 328 889 386 obstaculo
926 341 988 379 ea
1022 324 1234 380 ratione
1270 336 1528 390 remote,
1583 323 1742 378 Deus
1776 324 1973 380 benedi-

597 405 805 459 fflonem
832 398 1107 466 promittit
1130 398 1187 466 in
1214 415 1312 453 eos
1335 398 1678 452 abundanter
1692 394 1981 468 effunden-

607 478 761 538 dam,
814 472 1167 528 manifestum
1199 472 1256 523 in
1291 471 1505 536 signum
1536 468 1982 541 adpropinquatio-

601 549 686 603 φής
709 545 816 601 Dei
842 543 1210 611 adjuslicizmz,
1254 553 1371 610 quo
1398 543 1520 595 haec
1550 541 1824 609 spectant:
1862 543 1985 598 vult

605 632 841 687 quoque
869 631 935 669 ex
949 616 1060 668 hoc
1077 612 1197 668 solo
1215 613 1516 682 specimine
1529 626 1594 668 ut
1610 614 1981 683 cognoscant,

608 691 749 760 quid
793 686 1224 755 exspectandum
1275 687 1557 752 habeant,
1615 686 1661 739 fi
1698 698 1824 741 toto
1874 689 1984 742 ani-

608 781 704 819 mo
738 761 799 817 &
831 762 995 829 plene
1034 759 1103 813 ad
1137 760 1330 816 Deum
1367 757 1421 811 sc
1449 772 1810 824 convertant3
1850 777 1985 816 cum

607 837 857 892 studium
892 847 1091 887 eorum
1114 833 1172 886 in
1197 832 1426 886 decimis
1451 830 1511 887 &
1532 831 1788 899 primitiis
1812 833 1983 888 addu-

603 909 798 965 cendis
823 919 934 961 tam
957 906 1251 959 liberaliter
1273 906 1337 958 sit
1363 917 1832 959 remuneraturus·
1868 906 1980 961 Hic

604 980 942 1048 conspectus
972 979 1051 1031 est
1076 976 1135 1033 ἃ
1162 976 1367 1043 scopus
1391 977 1679 1043 pericopae
1705 975 1843 1031 vers.
1872 995 1980 1033 10--

611 1071 691 1109 12.
726 1053 783 1106 in
821 1067 931 1118 qua
963 1064 1094 1103 cum
1128 1049 1399 1111 formula,
1456 1048 1595 1099 dixit
1615 1046 1848 1116 Jehovcz‚
1899 1063 1985 1106 ter

601 1135 893 1187 occurrat,
931 1132 1039 1173 tres
1062 1121 1119 1173 in
1141 1131 1322 1185 partes
1350 1119 1498 1172 reete
1526 1118 1808 1175 dividitur.
1829 1119 1982 1190 Qua-

601 1212 729 1251 rum
749 1196 932 1267 prima
969 1191 1450 1257 benedictionem,
1492 1207 1626 1244 mox
1653 1207 1983 1259 expromen-

604 1270 731 1324 dam
755 1309 772 1335 ‚
831 1264 1117 1321 connectit
1162 1280 1295 1318 cum
1331 1276 1641 1317 memorato
1678 1263 1980 1330 specimine

606 1338 1009 1395 emendationis
1058 1337 1259 1404 populi
1299 1338 1356 1391 in
1401 1337 1607 1391 decimis
1638 1335 1698 1391 δί
1719 1339 1979 1408 primitiis

602 1414 875 1482 praebito,
919 1427 1087 1478 quam
1117 1409 1307 1475 Deu5,
1348 1421 1611 1476 tanquam
1644 1409 1808 1477 hujus
1847 1427 1978 1478 pro-

605 1487 822 1540 ximum
855 1482 1206 1550 consequens
1243 1495 1398 1536 certo
1437 1480 1497 1536 &
1530 1497 1665 1535 mox
1685 1479 1977 1551 futurum,

605 1557 939 1614 considerari
979 1557 1129 1622 vult,
1192 1554 1353 1609 fimul
1385 1555 1592 1610 favoris
1636 1553 1717 1608 sui
1742 1572 1866 1625 erga
1879 1558 1982 1629 J'u-

609 1632 766 1685 daeos
792 1629 1543 1697 experiinentum30pp0s1te
1565 1630 1631 1683 ad
1661 1644 1859 1684 eorum
1877 1632 1979 1684 dif-

602 1703 889 1757 fidentiam
924 1700 985 1756 &
1017 1701 1552 1767 expostulationem,
1606 1717 1783 1771 quum
1822 1702 1973 1756 dixe—

608 1787 756 1839 rant,
795 1775 882 1827 ubi
916 1772 984 1842 cst
1013 1773 1161 1826 Deus
1181 1772 1416 1839 judicii?
1461 1771 1528 1824 ad
1566 1788 1742 1839 quam-
1767 1789 1973 1842 expug-

609 1847 851 1901 nandam
905 1857 1181 1913 provocat
1240 1845 1307 1896 ad
1357 1845 1468 1896 hoc
1529 1844 1977 1910 experimentum

600 1918 1009 1991 propinquitatis
1043 1915 1185 1981 suae,
1249 1916 1409 1969 simul
1441 1916 1860 1982 promtitudini's
1897 1918 1979 1971 in-

610 1987 825 2046 dicium
849 1992 916 2043 ad
937 2004 1033 2043 eos
1058 1989 1422 2044 vindicandos
1448 1987 1506 2044 δί
1531 1989 1721 2042 felices
1743 1990 1977 2044 redden-

614 2065 735 2118 dos,
815 2064 973 2117 Sicut
1006 2063 1194 2127 itaque
1214 2076 1314 2127 par
1337 2061 1453 2128 pari
1469 2060 1685 2132 Judaeis
1709 2060 1897 2116 retuli-t
1919 2063 1978 2117 in

613 2136 1037 2191 defraudatione
1073 2135 1183 2188 Dei
1219 2150 1321 2201 per
1368 2134 1679 2187 oblationes
1721 2147 1971 2202 negatum,

610 2208 844 2277 penuria
879 2208 1133 2261 omnium
1156 2223 1342 2260 rerum
1376 2207 1694 2273 puniendo:
1737 2208 1812 2261 ita
1837 2223 1973 2262 con-

608 2296 690 2337 tra
711 2282 969 2344 referret,
995 2295 1092 2334 eos
1111 2320 1127 2347 ‚
1144 2280 1182 2333 fi
1208 2280 1519 2334 oblationes
1546 2279 1873 2345 adtulerint,
1890 2280 1969 2333 di-

608 2355 804 2412 tando:
856 2354 938 2408 uti
977 2353 1084 2417 est,
1127 2352 1293 2407 Prov.
1339 2369 1453 2407 111:
1497 2368 1574 2406 10.
1610 2353 1801 2408 honora
1820 2350 1974 2422 Jeho-

1846 2441 1973 2478 vmn
