2068 2927
480 131 583 184 180
661 117 1757 181 COMMENTARIUS

484 277 569 327 lus
613 266 779 338 angeli
823 267 1034 339 Jehovae
1074 268 1273 320 oculos
1310 282 1338 319 a
1374 259 1703 333 sacerdote,
1748 286 1848 327 aut*

484 342 760 405 Pontifice
785 340 1191 407 qualicunque,
1235 355 1345 405 qua
1371 338 1507 402 tali,
1534 340 1840 397 abstrahere

480 416 697 485 jubeat,
748 410 808 467 ἃ
842 413 912 464 ad
947 425 1200 465 autorem
1235 409 1399 477 hujus
1434 410 1555 463 libri
1591 424 1840 480 vertere,

486 505 598 542 cum
632 485 790 551 quod
823 483 1039 545 nulluS,
1093 498 1197 534 nec
1233 481 1517 547 sacerdos,
1559 499 1664 537 nee
1699 485 1843 538 Pon-

487 561 655 621 tifex,
696 571 765 608 eo
805 565 1028 607 ornatus
1068 553 1287 606 incedat
1321 553 1378 605 in
1403 553 1602 621 Script.
1631 556 1704 617 S.,
1734 567 1846 610 tum

487 628 646 699 quod
675 627 812 681 nulli
845 624 1153 678 secundum
1176 640 1358 677 veram
1386 627 1663 691 emphasin
1690 644 1844 682 com-

486 713 666 770 petat,
705 699 890 752 nullus
926 698 1074 750 enim
1096 709 1190 750 aut
1216 695 1503 763 inspiratus
1530 699 1670 764 fuit,
1710 717 1847 754 cum·-

486 779 664 843 legem
698 769 895 825 docuit
917 810 933 835 ,
981 770 1224 823 doftoris
1260 769 1406 822 enim
1438 768 1731 835 personam
1767 772 1843 826 se-

488 848 593 900 ries
629 841 894 900 oration-is
929 841 1185 908 requirit,
1226 852 1321 893 aut
1353 843 1784 898 extraordinarie
1815 861 1847 898 a·

487 919 617 973 Deo
653 915 840 972 miss'us
875 914 984 968 fuit
1015 913 1085 966 ad
1115 913 1424 980 populum,
1465 914 1686 979 qualem
1713 917 1841 970 titu-

486 994 572 1045 lus
608 991 699 1044 hic
737 986 1010 1055 postulat,
1058 996 1154 1038 aut
1184 985 1384 1047 fidem,
1435 985 1699 1038 doetrinae
1728 986 1844 1041 suae

488 1063 824 1124 habendam,
866 1074 999 1111 cum
1034 1055 1360 1108 at16toritate
1382 1055 1600 1121 exigere
1622 1058 1841 1123 potuit,

487 1135 569 1189 uti
601 1131 834 1202 Angelus
854 1128 1103 1200 -Jehovae,
1142 1137 1251 1179 tum
1288 1125 1531 1192 denique
1563 1129 1721 1191 quod
1751 1130 1844 1184 hic

487 1205 602 1273 ipse
635 1205 835 1258 titulus·
869 1211 1124 1253 autorem
1156 1197 1276 1250 libri
1300 1195 1465 1264 hujus
1490 1197 1670 1265 digito
1692 1203 1844 1267 quasi

485 1277 786 1339 monstret,
828 1272 897 1325 de
921 1286 1042 1338 quo
1060 1285 1211 1323 mox.
1264 1271 1526 1323 Summus
1557 1269 1842 1340 sacerdOS,

488 1351 526 1403 fi
563 1350 631 1403 ad
668 1363 798 1402 eum
817 1342 1191 1410 restringenda
1213 1341 1349 1394 velis
1377 1341 1545 1407 dieta,
1587 1345 1745 1409 quod
1769 1357 1851 1398 ta-

488 1437 617 1475 men
652 1422 765 1474 fine
799 1416 972 1470 solida
992 1415 1150 1467 fieret
1174 1413 1415 1479 ratione,
1455 1413 1697 1480 speciem
1722 1418 1845 1483 qui-

490 1494 617 1547 dem
648 1489 837 1560 Angeli
873 1487 1085 1557 Jehovae
1115 1486 1360 1552 praetulit
1394 1486 1660 1552 aliquam,
1712 1485 1845 1544 cum

489 1566 712 1620 oracula
741 1578 843 1629 per
869 1559 1029 1613 Urim
1052 1556 1109 1612 <Sc
1139 1557 1430 1610 Tummim
1453 1559 1743 1627 funderet,
1786 1562 1847 1617 ὃς

487 1634 711 1705 dejure
747 1632 1073 1694 solenniter,
1116 1630 1182 1682 ad
1224 1629 1344 1682 lites
1374 1630 1739 1697 dirimendas,
1778 1650 1847 1686 ex

485 1713 605 1778 lege
635 1704 1060 1776 pronunciaret,
1113 1700 1205 1753 sed
1242 1702 1362 1754 haec
1394 1701 1527 1753 nihil
1555 1703 1622 1754 ad
1657 1705 1854 1770 perso--

485 1797 613 1835 nam
649 1778 946 1840 DoetoriS,
987 1773 1046 1827 &
1079 1774 1388 1840 interpretis
1414 1773 1680 1827 doetrinae
1708 1775 1842 1830 salu-

486 1854 642 1919 taris,
683 1866 809 1918 qufe
845 1849 936 1902 hie
964 1846 1130 1900 unice
1153 1845 1497 1908 adtenditur,
1535 1846 1842 1914 faciebant3

483 1925 748 1979 oraculum
774 1920 1026 1990 illudve}
1048 1918 1113 1970 ad
1140 1918 1363 1970 occulta
1384 1917 1716 1985 detegenda,
1753 1923 1844 1975 vel

483 1997 758 2061 affiones,
801 1995 852 2046 in
890 1991 1052 2044 certis
1086 1989 1297 2042 casibus
1331 1989 1619 2055 praecipue
1651 1990 1707 2043 in
1734 1993 1844 2046 bel-

481 2071 571 2133 10,
613 2067 948 2135 dirigendaS,
984 2062 1323 2129 pertinebat,
1366 2058 1424 2114 ἃ
1448 2065 1843 2118 controverfiae

485 2140 810 2193 decidendae
866 2135 1015 2188 circa
1059 2133 1241 2186 civi-lia
1272 2148 1338 2185 ae
1373 2134 1595 2189 externa
1626 2134 1840 2189 ritualia

481 2211 862 2266 Ecclesiastica
943 2221 1157 2259 tantum
1239 2203 1565 2257 inserviebat
1586 2244 1601 2268 ,
1666 2204 1836 2262 Deut.

475 2297 611 2337 xvn:
640 2287 684 2337 8.
715 2280 891 2349 Cujus
921 2278 1194 2347 dignitatis
1225 2274 1697 2344 respeftujadices
1720 2281 1839 2345 qui-

1707 2351 1840 2406 dent
