2068 2927
564 122 666 184 312
747 100 1852 165 COMMENTARIUS

557 261 772 302 vocum
787 287 803 313 ‚
832 245 892 301 &⁹
912 263 1012 301 non
1032 245 1335 318 unusfecit,
1352 242 1558 297 direete
1586 244 1928 319 adversatur,

555 336 687 389 quae
735 320 895 376 illum
943 317 1163 373 sensum
1194 334 1312 373 non
1340 316 1605 371 admittit:
1645 317 1751 384 legi
1780 323 1930 381 enim

549 394 808 459 deberet,
851 391 912 447 ἐξ
936 408 1069 446 umts
1093 409 1193 444 nota
1204 389 1335 461 fecit
1369 406 1416 443 2.
1445 388 1705 456 Abrupte
1729 390 1923 463 nimiS,

551 465 615 522 &
651 464 918 530 obscure,
956 466 1185 516 locutus
1211 464 1397 516 fuisset
1419 463 1728 529 propheta,
1768 464 1807 516 fi
1830 483 1928 521 vo.

549 538 761 604 luisset,
815 536 1196 592 Abrahamum
1254 551 1370 589 non
1427 535 1516 600 id,
1572 534 1732 601 quod
1774 553 1928 596 nunc

538 611 764 684 Judaei,
813 608 1036 671 feciffe3
1086 623 1219 661 cum
1256 607 1392 661 nihil
1423 608 1737 674 praecefflt,
1768 612 1928 676 quod

548 683 678 739 dieti
710 683 1065 738 occasionem
1082 682 1476 747 praebeat,nec
1503 682 1671 734 verba
1690 680 1780 748 id,
1822 686 1921 740 nisi

547 772 655 825 pro
694 755 918 811 arbitrio
954 752 1314 820 supplentur,
1354 751 1676 820 significent.
1780 754 1924 826 Quis

550 831 792 895 diceret,
832 845 931 882 non
963 843 1097 879 emus
1109 825 1273 897 fecit,
1316 839 1380 879 ut
1403 827 1705 892 exprimat,
1746 828 1922 884 Abra·

546 903 777 957 hamum
809 916 925 954 non
959 899 1106 965 hoe,
1148 899 1309 966 quod
1332 898 1407 951 illi
1423 915 1448 963 ‚⁵
1476 898 1709 952 fecisse?
1749 914 1798 966 3.
1827 901 1921 955 Se·

546 975 804 1042 quentia,
848 972 907 1027 &²
939 972 1068 1043 quid
1095 971 1274 1025 unus?
1316 987 1550 1038 quaerens
1570 970 1744 1038 semen
1779 973 1919 1039 Dei,

538 1049 689 1102 vclare
722 1045 971 1100 indicant
996 1083 1012 1107 ,
1063 1042 1240 1096 modo
1263 1041 1476 1094 dietum
1496 1040 1689 1106 fuisse,
1739 1059 1921 1100 unum

542 1121 701 1175 illum
741 1116 952 1183 aliquid
988 1113 1161 1184 feczffi
1187 1154 1203 1180 ,
1265 1110 1326 1167 &
1368 1127 1516 1177 non,
1569 1112 1780 1180 aliquid
1814 1133 1917 1170 non

529 1189 703 1262 fhczffi’
739 1206 790 1257 4.
828 1187 986 1257 Quid
1007 1186 1173 1251 illud,
1201 1183 1262 1240 &³
1282 1185 1427 1238 vires
1438 1182 1707 1255 prolificas
1731 1189 1919 1243 habeat

539 1262 796 1331 reliqum,
840 1262 952 1317 huc
976 1261 1217 1313 multum
1239 1256 1447 1312 faciat?
1487 1258 1624 1324 quid
1649 1261 1916 1328 emphasi-

538 1351 605 1389 os
636 1334 874 1389 habeat?
915 1349 1030 1387 non
1068 1331 1257 1385 videt).
1337 1329 1590 1384 Uxorem
1615 1348 1732 1387 non
1761 1333 1925 1388 dese·

537 1409 584 1465 ri
622 1423 653 1461 a
672 1407 870 1461 marito
890 1404 1147 1472 prolifica
1169 1404 1378 1457 virtute
1401 1403 1658 1457 nondum
1684 1405 1912 1460 destitu-

539 1493 634 1547 το,
677 1479 811 1534 tanti
833 1494 950 1534 non
976 1478 1086 1542 est,
1136 1493 1242 1530 nec
1268 1489 1380 1530 tam
1401 1475 1686 1543 singulare.
1738 1477 1915 1533 Deni-

539 1569 654 1622 que
702 1569 753 1621 5.
786 1568 857 1606 ne
881 1551 997 1606 aliis
1027 1549 1364 1614 refutandiS,
1406 1549 1566 1615 quod
1593 1550 1801 1616 nolim,
1829 1553 1911 1606 in·

538 1641 727 1681 morer
740 1666 756 1690 ,
772 1627 1052 1684 aberratur
1076 1638 1105 1676 a
1117 1638 1254 1676 vero
1269 1620 1576 1687 conspeetu
1594 1622 1795 1691 versia,
1813 1622 1912 1689 qui

539 1714 657 1754 non
694 1698 765 1753 de
802 1697 1081 1761 divortiis,
1118 1693 1214 1747 sed
1243 1707 1490 1747 uxorum
1517 1695 1910 1750 vexationibus

531 1787 638 1840 per
672 1784 954 1827 extraneas
990 1779 1086 1822 aut
1121 1765 1466 1821 concubinas
1503 1762 1671 1830 super
1705 1767 1904 1821 induc·

535 1855 646 1910 τῆς,
682 1843 826 1911 agit,
875 1852 940 1895 ut
973 1838 1138 1908 supra
1161 1838 1302 1893 dixi:
1342 1835 1503 1903 cujus
1529 1836 1701 1891 simile
1726 1840 1907 1892 omni-

535 1932 613 1972 no
653 1916 764 1984 egit
795 1914 1105 1978 Abraham,
1143 1909 1204 1967 &
1246 1922 1545 1978 propterea
1567 1908 1824 1980 aJudaeis
1852 1912 1911 1967 in

538 1989 795 2044 favorem
837 1986 1000 2042 suum
1036 1987 1270 2051 citatur,
1319 1982 1777 2051 nec-prophetae,
1817 1984 1915 2042 sed

535 2077 737 2124 eorum
761 2061 930 2131 verba
958 2058 1100 2114 sunt.
1916 2066 1921 2069 *

614 2133 645 2205 g
674 2132 798 2188 CV.
841 2131 1068 2201 Rogant
1102 2131 1291 2198 itaque
1318 2127 1538 2201 Judaei,
1573 2141 1635 2184 ut
1672 2131 1907 2185 conclu·

536 2207 664 2262 dam
691 2247 707 2272 ,
767 2220 906 2260 num
939 2206 1127 2267 nullus
1161 2204 1367 2268 fuerit,
1431 2203 1528 2268 qui
1562 2204 1908 2272 peregrinam

534 2278 859 2347 mulierem,
911 2294 1027 2336 una
1057 2291 1193 2333 cum
1223 2291 1405 2333 uxore
1437 2275 1681 2346 legitima
1716 2275 1777 2333 ὃς
1804 2292 1908 2345 po-

1795 2365 1902 2423 Pu·
