2068 2927
531 202 640 261 390
734 174 1848 235 COMMENTARIUS

537 331 837 391 patet3nec
862 320 1099 373 verbum
1120 317 1303 372 venire
1331 316 1399 370 ad
1425 316 1920 385 fingularemillum

539 393 727 452 casum
758 392 889 446 vitae
928 391 1132 445 Christi
1165 391 1396 457 privatae
1426 388 1479 443 se
1509 390 1758 459 restringi
1780 395 1917 458 pati-

537 481 633 523 tur
650 508 665 532 ,
692 465 875 519 minus
903 464 958 517 in
983 464 1085 517 hac
1114 462 1382 516 orationis
1408 462 1571 528 serie,
1600 478 1712 529 qua
1739 463 1820 518 bis
1849 466 1920 520 de

537 540 769 608 publica
826 536 1098 603 usupatur
1157 535 1615 589 manifestatione.
1720 536 1920 605 Longe

538 615 726 680 itaque
770 610 971 664 reetius
1015 623 1149 662 cum
1195 605 1554 673 sequentibus
1587 610 1921 664 construun-

539 701 662 751 tur,
713 682 774 738 ἅ
818 697 1027 737 novam
1061 679 1360 734 ordiuntur
1393 680 1752 748 pericopam,
1807 698 1920 749 qua

543 758 852 829 propheta,
904 754 1135 809 nomine
1161 752 1433 824 Jehovae,
1481 754 1764 821 loquitur,
1810 756 1915 809 hac

538 833 782 891 ratione:
836 846 942 882 ecce
975 827 1121 881 venit
1153 826 1291 880 dixit
1323 824 1528 897 Jehova
1564 828 1917 894 exercituum,

543 905 606 963 ὃς
645 904 759 975 qm's
782 899 1085 973 substinebit
1115 899 1246 952 diem
1279 899 1536 952 adventus
1571 899 1718 966 ejus,-
1779 902 1832 954 h.
1871 917 1917 953 e.

543 994 707 1041 ecce,
751 989 930 1042 quum
961 971 1204 1036 venerit,
1259 971 1384 1037 quis
1421 987 1552 1025 eum
1590 972 1771 1026 feret?
1835 971 1917 1026 uti

543 1050 720 1106 modo
759 1050 815 1101 in
847 1044 1130 1113 principio
1167 1042 1304 1095 vers.
1351 1058 1393 1093 1.
1419 1059 1555 1106 ecce,
1598 1046 1743 1097 mitto
1769 1060 1921 1112 [mge-

549 1125 654 1178 [μω
681 1136 847 1174 meum
872 1149 888 1157 -
906 1142 923 1149 -
943 1148 960 1155 -
978 1145 996 1153 -
1022 1113 1081 1168 &2⁹
1093 1114 1266 1183 fitbito
1291 1114 1464 1166 veniet
1489 1113 1779 1181 Dominus,
1817 1130 1924 1182 pro

544 1194 725 1250 statim
753 1208 813 1245 ac
848 1187 1052 1243 misero
1078 1187 1363 1254 angelum,
1390 1186 1579 1239 veniet
1604 1186 1888 1242 Dominus
1905 1229 1923 1255 ‚

545 1268 668 1332 vel,
706 1264 865 1333 quod
906 1261 1108 1315 codem
1135 1258 1360 1325 recidit,
1402 1274 1582 1325 quum
1604 1259 1804 1315 misero
1835 1277 1926 1314 an-

543 1341 762 1411 gelum,
816 1334 1006 1390 veniet
1040 1331 1221 1386 statim
1242 1331 1545 1387 Dominus,
1625 1333 1929 1389 Retinetur

545 1415 619 1469 fic
647 1410 833 1465 sensus
859 1407 1015 1462 verbi
1038 1405 1250 1469 venire,
1270 1420 1442 1470 quein
1468 1405 1559 1459 hic
1587 1407 1783 1473 habet,
1818 1423 1926 1474 pro

546 1485 729 1542 venire
757 1485 828 1538 ad
839 1476 1198 1551 D>ffssffllun2‚&
1216 1518 1232 1543 ‚
1250 1477 1392 1532 sicut
1417 1479 1594 1533 inodo
1620 1495 1726 1533 ecce
1745 1482 1924 1547 mim,

553 1561 628 1614 ita
672 1573 823 1612 nunc
854 1571 958 1608 ecce
990 1551 1137 1606 vem‘t
1169 1563 1296 1618 apte
1330 1567 1465 1605 cum
1501 1550 1611 1619 seq.
1638 1553 1923 1607 conneeti-

548 1647 667 1688 tur:
722 1630 966 1695 denique
1003 1624 1142 1679 ratio
1179 1624 1236 1677 in
1274 1636 1545 1692 promptu
1582 1625 1693 1691 est,
1756 1642 1928 1693 quare

550 1721 669 1760 non
712 1703 915 1765 veniet,
979 1699 1076 1752 sed
1110 1699 1293 1762 venit,
1352 1698 1646 1761 habeatur,
1688 1715 1820 1752 cum
1859 1700 1930 1752 de

552 1777 745 1832 officio
795 1773 911 1842 ejus
948 1782 1135 1841 agatur
1172 1769 1232 1825 &
1268 1769 1501 1835 effeetu,
1543 1771 1774 1824 adventu
1811 1770 1930 1840 ejus

553 1850 882 1919 posteriore.

631 1918 1002 1993 §CXXXIV
1055 1918 1152 1972 Ne
1200 1926 1386 1969 autem
1432 1912 1500 1966 ad
1547 1913 1815 1969 versuum
1849 1916 1927 1970 di-

555 1995 908 2054 stinffionem
945 1991 1069 2059 quis
1109 1985 1481 2053 obhaerescat,
1522 2002 1671 2053 eam,
1716 1989 1931 2056 quippe

554 2091 586 2129 a
618 2067 988 2140 prudentibus
1025 2064 1156 2118 viris
1181 2062 1410 2126 saetam,
1452 2076 1570 2114 non
1596 2071 1804 2114 temere
1831 2063 1930 2116 mi-

559 2141 818 2215 grandam
833 2182 849 2206 ‚
876 2149 1114 2192 attamen
1131 2143 1157 2203 ‚⁴
1175 2151 1308 2189 cum
1330 2135 1569 2188 humana
1597 2133 1802 2188 nitatur
1823 2147 1936 2189 tan-

557 2231 682 2272 tum
715 2213 775 2269 &
800 2212 1043 2277 fallibili,
1079 2222 1143 2265 ut
1168 2210 1415 2271 constat,
1459 2206 1783 2273 autoritate,
1828 2224 1933 2263 nec

559 2283 964 2356 superstitiose,
1005 2286 1044 2339 fi
1079 2284 1218 2338 ratio
1254 2279 1539 2336 deserendi
1561 2279 1655 2345 fit,
1693 2281 1930 2334 retinen-

564 2362 692 2417 dam
719 2359 824 2415 ess'e
840 2399 856 2426 ,
894 2358 1082 2413 multis
1108 2353 1378 2424 exemplis
1404 2353 1779 2409 demonstrare
1802 2367 1933 2420 pos-

1821 2424 1930 2478 sem
