2068 2927
461 165 581 218 in
692 158 964 227 MAL.
1080 182 1282 225 1:10.
1436 178 1539 246 113'·

173 309 358 369 verbis
403 309 714 379 propheta;
766 323 918 372 nune
959 308 1122 366 'Deus
1162 313 1365 370 sistitur
1394 316 1531 373 illud

171 384 380 453 majore
402 383 583 437 adhuc
609 380 852 447 emphasi
879 385 1259 450 pronuncians
1275 428 1290 452 ‚
1314 387 1374 442 ὃς
1394 406 1529 445 con-

163 459 413 512 firmans:
465 454 548 509 uti
588 468 658 506 ex
695 454 873 520 prima
908 454 1173 525 persona,
1227 475 1337 526 qua
1369 462 1528 518 Deus

163 530 256 585 hic
314 529 490 583 utitur
513 569 529 595 ‚
579 541 714 581 cum
760 528 936 582 modo
989 530 1146 585 tertia
1189 530 1424 600 persona
1458 536 1529 590 de

161 602 295 657 Deo
337 603 565 655 locutus
604 600 786 652 fuerat
818 601 1124 669 propheta,
1176 605 1529 661 manifestum

163 676 262 729 est.
340 671 795 740 Repraesentatur
827 682 1013 724 autem
1035 673 1224 741 Deu5‚
1266 689 1529 743 tanquam

160 747 445 801 Dominus
472 743 532 799 &
548 742 738 814 Judex
754 783 769 808 ,
796 744 894 809 qui
923 743 1246 802 sententiam
1267 749 1374 802 fert
1397 750 1528 804 fina-

158 820 273 872 lem
299 820 369 871 de
394 816 723 883 displicente
748 815 845 868 fibi
872 816 1029 870 cultu
1057 836 1255 874 eorum
1271 863 1286 887 ,
1312 820 1370 876 δε
1396 839 1529 879 cum

132 889 538 960 *indignatione
588 887 739 955 quasi
779 885 979 954 jubet,
1042 904 1107 945 ut
1155 892 1380 961 Templi
1417 896 1525 950 adi-

150 973 281 1023 tum
317 961 634 1026 obstruant,
674 958 735 1015 δε
764 961 927 1014 altare
965 963 1074 1031 igni
1098 981 1343 1020 vacuum
1365 968 1524 1022 relin-

159 1048 364 1102 quant,
405 1033 666 1101 adeoque
703 1036 768 1088 ab
805 1036 958 1088 omni
994 1037 1278 1092 oblatione
1299 1042 1522 1107 penitus

159 1108 478 1161 abstineant.
557 1106 694 1160 Duo
726 1105 909 1160 ultima
938 1111 1212 1177 membra,
1255 1127 1382 1179 quae
1410 1112 1524 1168 sen-

156 1181 346 1234 tentiae
400 1177 685 1232 decisuri-ae
748 1176 1113 1246 conspectum
1168 1186 1400 1240 omnino
1447 1189 1523 1241 fe-

148 1253 288 1306 'runt
319 1291 335 1316 ,
403 1248 464 1303 δε
508 1252 728 1304 facilem
775 1252 831 1303 in
873 1267 1076 1318 genere
1122 1255 1368 1310 fundunt
1412 1258 1526 1313 sen-

150 1316 310 1388 fsum,
362 1337 479 1376 non
512 1321 666 1388 sunt,
709 1335 772 1377 ut
803 1325 1105 1379 nonnullos
1142 1330 1413 1395 accepisse
1445 1333 1524 1387 vi·

143 1396 268 1456 jdeo
291 1438 306 1462 ‚
335 1393 554 1464 abfiilute
577 1396 872 1462 capienda,
894 1396 998 1448 acsi
1025 1398 1183 1452 Deus
1212 1402 1429 1455 cultum
1455 1405 1524 1457 ri-

150 1470 365 1529 rualem
401 1470 852 1535 qualemcunque
885 1468 1267 1536 improbasset,
1312 1471 1371 1527 ἃ
1395 1477 1522 1530 abo—

144 1541 397 1607 leviss'et,
425 1541 584 1607 quod
606 1557 722 1594 non
745 1541 844 1594 nisi
870 1541 924 1593 in
950 1542 1077 1596 falsa
1101 1545 1427 1613 hypothesi,
1468 1549 1520 1603 in

144 1614 571 1682 ‚prolegomenis
607 1615 872 1679 refutata,
906 1616 1127 1668 fundari
1161 1618 1376 1685 potest,
1429 1620 1520 1675 sed

148 1684 372 1756 restribie
397 1727 412 1751 ,
474 1684 534 1740 &
587 1685 654 1739 ad
690 1700 1025 1752 corruptum
1063 1690 1279 1742 cultum
1314 1695 1479 1747 relat-e
1505 1737 1521 1760 ,

155 1759 315 1826 quod
354 1775 422 1812 cx
457 1759 584 1825 ipsis
623 1760 805 1813 verbis
836 1759 1127 1825 elucescit,
1169 1778 1301 1815 cum
1325 1764 1523 1820 diserte

156 1832 448 1897 habeatur,
466 1831 829 1903 beneplacitam
855 1833 981 1885 mihi
1004 1851 1101 1886 mm
1127 1833 1190 1903 est
1212 1835 1265 1887 m
1282 1835 1521 1905 VOBIS,

147 1902 222 1961 ὅ)
268 1921 451 1956 mmms
495 1922 593 1957 non
638 1915 896 1974 acceptum
932 1905 1082 1958 habeo
1118 1930 1236 1962 mm
1272 1911 1332 1962 de
1367 1929 1522 1965 mmm

156 1973 357 2044 vestra,
398 1977 558 2040 quale
591 1977 852 2030 nimirum
888 1994 990 2030 vos
1026 1994 1176 2032 nuuc
1200 1981 1331 2035 mihi
1360 1984 1521 2037 offerw

143 2049 224 2108 ¹tis
251 2089 267 2112 ,
332 2046 493 2112 supra
530 2049 857 2114 expositum.
950 2050 1085 2118 Quo
1125 2054 1263 2104 nihil
1304 2057 1379 2108 est
1416 2058 1520 2109 cla-

142 2121 290 2176 riuS.
354 2119 621 2173 Concinit
646 2122 837 2186 plane,
879 2120 938 2174 ὃ(
964 2138 1316 2179 momentum
1340 2127 1517 2191 addit,

103 2255 105 2257 y
147 2192 340 2255 ‚similis
379 2194 647 2260 pericopa
670 2233 685 2258 ,
738 2193 803 2244 ad
830 2193 1062 2263 judaeos
1102 2194 1217 2260 ejus
1246 2201 1516 2265 ,temporis

155 2260 390 2337 omnino
428 2266 741 2332 pertinens,
775 2264 882 2334 Jes.
923 2281 964 2318 1:
998 2282 1074 2319 ΙΙ.
1120 2266 1230 2321 &o
1269 2287 1373 2326 nec
1397 2273 1518 2339 plu-

157 2339 308 2394 ribus
356 2354 501 2406 opus
535 2340 627 2392 est.
719 2338 963 2467 Reliqui}
992 2337 1106 2396 duo
1129 2342 1518 2416 ptrimjaeinegin-

1425 2421 1522 2472 bra
