2068 2927
379 195 417 235 Α
460 200 499 236 1>
608 177 765 233 MA
812 176 877 234 L.
985 174 1078 234 ἰιι
1159 197 1236 253 ¹7·
1425 190 1527 260 365

163 318 336 375 Deum
361 319 582 389 judicii,
616 316 725 386 jam
763 330 950 383 antea,
976 317 1034 373 ὅ(
1060 334 1211 374 nunc
1233 321 1426 388 etiam,
1469 324 1527 379 in

160 392 349 446 medio
371 393 572 460 populi
598 391 1096 456 demonstraverat,
1137 409 1251 445 eum
1274 397 1525 462 gentium

160 465 469 519 vicinarum
491 505 506 530 ,
572 479 809 530 quarum
864 465 1139 530 impetum
1198 468 1480 523 retuderat
1505 511 1521 536 ,

159 548 271 591 tum
295 536 628 607 Judaeorum
665 535 947 603 respectU,
1012 539 1216 602 quibus
1254 542 1519 608 multipli-

161 611 299 664 citer
339 611 691 663 benedixerat
713 649 728 673 ‚
781 623 1047 674 quosque·
1090 610 1166 662 ob
1202 625 1432 676 peccata
1461 612 1525 669 &

159 681 387 736 crimina
415 679 638 749 judiciis
678 679 784 733 suis
812 680 1118 734 visitaverat
1141 681 1200 736 &
1222 684 1515 752 castigave-

158 767 268 808 rat:
309 755 448 807 adeo
484 766 546 806 ut
581 767 773 806 contra
813 750 1210 807 conscientiam
1243 759 1518 822 conqueri

159 825 221 881 &
261 825 614 891 expostulare
658 822 867 877 censeri
905 823 1141 878 debeant
1167 867 1184 891 ,
1235 828 1522 895 dicentes,

156 899 247 951 ubi
277 896 342 965 est
378 896 523 949 Deus
544 895 779 964 judieii?
822 895 1034 961 quippe
1058 913 1227 962 quem
1249 901 1303 951 in
1328 904 1517 956 medio

155 970 237 1024 sui
278 967 490 1035 experti
514 966 623 1034 jam
648 980 799 1020 erant
821 967 1180 1034 praesentem,
1219 969 1279 1025 &
1305 973 1377 1026 de
1401 990 1524 1040 quo*

155 1044 313 1096 Deus
352 1057 453 1107 per
491 1041 644 1093 hunc
679 1037 860 1105 ipsum
894 1042 1228 1107 prophetam
1252 1060 1349 1098 eos
1379 1063 1513 1100 con-

157 1116 395 1170 vicerat:
437 1112 519 1165 uti
557 1128 604 1164 c.
633 1128 709 1165 111:
735 1126 784 1176 5.
812 1112 938 1177 ipfis
962 1115 1244 1180 regeritur.
1274 1132 1320 1182 3.
1347 1118 1519 1172 Deni-

159 1204 302 1254 que,
368 1186 496 1250 quia
533 1199 634 1250 per
667 1185 806 1237 hanc
842 1185 1376 1254 expostulationem,
1441 1192 1523 1246 in-

157 1262 342 1327 deque
368 1257 679 1310 derivatum
707 1254 1055 1321 consequens
1073 1299 1088 1322 ,
1128 1259 1270 1313 ficut
1293 1261 1521 1332 longami-

156 1332 385 1386 mitatem
433 1328 545 1383 Dei
597 1329 963 1394 damnabant,
1026 1327 1087 1384 δε
1129 1334 1521 1404 traducebant,

156 1421 266 1471 qua
311 1417 443 1457 cum
476 1401 712 1454 maxime
743 1400 1088 1468 indigebant,
1151 1405 1233 1457 uti
1271 1422 1318 1459 e.
1353 1423 1430 1460 111:
1469 1426 1519 1476 5.

157 1478 284 1546 ipsis
335 1477 408 1529 ob
458 1474 658 1528 oculos
690 1472 953 1540 ponitur,
979 1473 1053 1527 ita
1078 1473 1434 1544 summopere
1461 1498 1521 1535 ea

158 1550 553 1615 abutebantur,
592 1547 725 1600 loco
754 1543 1131 1615 refipzscerqtlae,
1161 1564 1329 1615 quam
1352 1551 1526 1608 inten-

150 1623 320 1676 debat
347 1662 362 1686 ,
416 1618 527 1672 sese
573 1618 629 1672 in
673 1617 920 1685 peccatis
968 1619 1340 1677 obfirmantes
1433 1627 1523 1682 EX

155 1694 359 1762 quibus
420 1692 565 1745 clare
600 1689 858 1758 patescit,
926 1707 1093 1758 quam
1128 1709 1262 1747 vere
1306 1695 1364 1750 ἃ
1400 1711 1525 1766 apte

153 1764 479 1836 praemiserit
526 1764 802 1831 propheta
828 1803 844 1828 ,
909 1762 1224 1834 defatigaestis
1269 1767 1525 1839 Jehovam

158 1838 466 1900 sermonibus
499 1834 709 1904 vestris,
751 1836 803 1888 h.
832 1852 878 1889 e.
905 1837 1150 1904 litigiosis
1181 1842 1375 1896 Vestris
1402 1862 1522 1898 ver-

145 1902 240 1964 'bis
301 1907 360 1962 &
412 1907 712 1962 ratiociniis
775 1925 878 1962 vos
927 1908 1166 1979 Jehovae
1225 1914 1365 1968 adeo
1403 1933 1521 1971 mo·-

156 1982 325 2036 lestos
370 1979 577 2033 fecistis
611 1977 671 2033 &
706 1980 1089 2046 onerososmt
1113 1985 1258 2038 ferre
1285 1990 1520 2054 amplius

156 2071 261 2109 vos
301 2064 574 2118 nequeat,
616 2050 740 2116 sed,
778 2054 876 2106 nisi
902 2054 970 2106 ad
990 2057 1279 2110 meliorem
1305 2060 1523 2128 fruge-m

157 2125 422 2190 redeatiS,
473 2137 736 2192 tanquam
774 2140 938 2192 grave
978 2142 1150 2192 onuS,
1206 2146 1321 2182 non
1343 2133 1520 2188 feren-

159 2200 297 2254 dum
336 2197 601 2264 amplius,
642 2212 745 2251 vos
782 2196 1017 2265 abjicere
1055 2200 1271 2255 debeat.
1357 2204 1525 2261 Hanc

161 2272 310 2325 enim
381 2269 660 2336 emphasin
737 2271 941 2325 habent
1013 2288 1186 2329 voces
1246 2273 1516 2333 Hebraeae.

156 2344 413 2400 Verbum
446 2358 519 2391 -ιτι
553 2343 824 2470 peculiarZi
837 2342 941 2398 ufu
956 2345 1296 2413 frequentari
1313 2347 1518 2405 soletin

840 2432 872 2471 Ζ
916 2431 946 2484 3
1435 2439 1520 2478 ac·-
