2068 2927
557 131 598 170 Λ
644 133 683 169 1>
772 111 842 168 M
883 112 937 169 A
977 110 1046 169 L,
1160 117 1247 173 '11:
1292 127 1384 191 133·
1524 131 1624 198 291²

231 253 602 326 impudentiae
638 271 700 309 ac
726 251 1047 322 pertinaciae
1077 270 1305 325 eorum,
1357 275 1425 314 ex
1452 259 1622 318 inter=

234 331 526 401 rogatione
568 326 628 382 &
667 325 989 381 defensione
1016 329 1408 398 elucescentiS,
1437 332 1613 401 specis-

231 421 364 459 men
395 402 656 470 proferat.
735 398 1030 469 Quicquid
1066 401 1160 468 fit,
1200 406 1478 471 propheta
1504 409 1608 462 cri-

232 493 364 532 men
403 476 583 542 palam
623 473 915 538 enunciat,
967 472 1028 528 δε
1067 474 1195 541 ipsis
1228 477 1467 544 imputat
1491 491 1606 534 tan-

231 564 407 617 quam
444 544 663 600 causam
712 544 771 600 &
798 546 1047 612 planetus
1074 563 1350 615 uxorum,
1392 549 1601 619 &justi

228 621 343 677 Dei
373 619 570 688 judicii
611 620 669 673 in
705 617 1103 674 sacrificiorum
1138 619 1438 688 rejectione
1466 641 1601 677 con-

229 693 410 760 spicui
424 735 440 760 ,
466 693 690 747 dicens:
718 700 997 761 propterea
1019 692 1366 764 quodJehova
1388 694 1605 764 testatur

224 767 367 820 inter
417 778 468 820 te
523 763 583 817 &⁴
636 778 845 816 uxorem
898 772 1001 815 tuae
1028 765 1333 831 juventutis
1347 808 1363 833 ,
1422 778 1604 822 contra

226 853 380 908 quam
402 835 683 908 perfidiam
708 832 982 904 comfmsssti
995 877 1011 901 ‚
1051 835 1111 889 ὣ»
1138 837 1246 907 ipsa
1259 840 1404 908 sticia
1423 851 1516 895 tua
1542 839 1603 894 c?

225 925 362 962 uxor
393 906 622 978 foederis
672 907 766 960 tm'.
865 907 1058 962 Utitur
1101 924 1256 962 num.
1301 912 1430 980 fing.
1458 952 1474 976 ,
1540 926 1604 967 ut

225 994 702 1045 unumquemque
751 995 951 1032 eorum
987 981 1289 1047 designaret
1312 1023 1328 1048 ,
1400 981 1461 1038 <Sc
1497 983 1600 1038 ser-

225 1064 459 1103 monem
500 1051 705 1103 direete
745 1053 813 1103 ad
849 1067 946 1104 eos
988 1053 1183 1117 vertit,
1232 1067 1297 1107 ut
1334 1056 1493 1109 altius
1520 1058 1599 1111 in-

225 1120 419 1189 figeret
469 1122 526 1175 in
568 1122 781 1176 animos
836 1138 1049 1176 eorum.
1151 1124 1379 1180 Crimen
1418 1127 1601 1194 ipsum

220 1196 458 1248 nomine
493 1192 694 1248 odioso
718 1194 843 1261 ipsis
868 1193 1136 1262 imputat,
1175 1194 1233 1250 &
1257 1200 1603 1256 atrocitatem

229 1264 349 1333 ejus
393 1268 763 1332 demonstrat,
816 1267 975 1320 simul
1012 1268 1082 1320 de
1106 1270 1443 1325 certitudine
1476 1272 1593 1340 ejus

225 1335 290 1393 &
326 1338 567 1392 vindieia
600 1338 806 1392 Divina
838 1353 935 1390 eos
970 1340 1279 1395 convincit.
1369 1344 1598 1402 Crimen

222 1424 504 1465 memorat
540 1411 789 1478 perfidiae
813 1410 870 1463 in
897 1427 1138 1477 uxorem,
1180 1411 1274 1466 sed
1297 1415 1596 1483 legitimam

228 1480 293 1538 &
326 1485 690 1550 popularem,
728 1499 844 1536 non
885 1495 1228 1551 extraneam,
1280 1486 1439 1540 fimul
1462 1504 1598 1543 con-

216 1552 338 1624 jugi
372 1556 624 1622 fidelem,
697 1554 756 1611 &
788 1556 1032 1609 foederis
1070 1556 1374 1627 conjugalis
1413 1559 1598 1615 obser-

221 1640 478 1691 vantem,
537 1629 781 1695 denique
816 1645 931 1681 non
965 1645 1156 1684 recens
1195 1631 1446 1698 ductam,
1501 1632 1597 1688 sed

212 1700 292 1752 ab
330 1697 446 1765 ipsa
475 1698 774 1767 Juventute
807 1700 1166 1755 adsociatam:
1220 1704 1301 1757 uti
1334 1721 1468 1759 mox
1498 1721 1592 1772 pa-

220 1772 376 1825 tebit.
465 1770 700 1842 Perfidia
751 1790 867 1828 non
919 1775 1164 1839 expresse
1217 1777 1447 1842 quidem
1504 1795 1594 1831 ex-

228 1843 494 1911 ponitur,
565 1861 675 1910 qua
707 1848 764 1901 in
799 1864 858 1900 re
889 1847 984 1900 fita
1016 1847 1215 1913 fuerit,
1278 1848 1372 1902 sed
1413 1867 1481 1903 ex
1517 1849 1593 1903 se-

231 1917 535 1981 quentibus
558 1918 721 1973 facile
743 1920 1049 1987 colligitur,
1076 1921 1207 1975 licet
1229 1923 1293 1974 ab
1319 1922 1591 1989 Interpre-

230 1988 379 2041 tibus
412 1989 602 2054 passim
622 1992 804 2045 minus
827 1991 974 2044 recte
996 1992 1304 2048 definiatur.
1362 1995 1452 2048 De
1474 2011 1592 2061 quo

228 2072 357 2113 ante
404 2062 482 2114 est
518 2062 917 2129 disputandum
942 2104 958 2128 ,
1023 2080 1190 2129 quam
1223 2067 1462 2120 vocibus
1500 2067 1593 2120 hic

207 2137 340 2192 villic
373 2137 563 2190 lucem
599 2136 904 2189 infundam.
984 2136 1279 2204 Vulgatior
1300 2139 1466 2192 habet
1493 2138 1591 2205 hy-

229 2209 505 2277 pothesffi,
557 2210 648 2263 vel
682 2207 1084 2275 polygamiam,
1140 2209 1214 2262 fic
1254 2210 1482 2276 diciam,
1529 2210 1594 2281 st·

230 2281 540 2337 multanemn
588 2281 645 2336 in
679 2296 908 2350 genere,
964 2281 1054 2333 vel
1079 2282 1489 2351 qualiacunque
1519 2283 1600 2335 di-

872 2354 923 2408 O
943 2368 977 2407 o
1020 2368 1053 2407 2
1482 2371 1610 2410 vor-
