2068 2927
486 134 605 177 ΑΒ
719 115 989 175 ΜΑῘ...
1112 134 1358 176 11:11.
1475 140 1579 198 257

187 269 314 323 dum
347 263 409 320 &
444 261 808 333 inquinatum,
846 258 903 312 in
930 256 1051 313 Pih.
1081 271 1258 325 vem,
1295 261 1569 327 potestate

187 337 517 395 declarativa
545 375 561 401 ,
619 332 891 403 sbrdidum
949 331 1384 399 pronunciavit,
1435 334 1566 389 inde

181 411 565 473 abominatu3‚
601 403 875 460 aversatus
913 404 1018 459 est:
1050 404 1105 458 in
1139 419 1340 472 genere
1375 409 1561 472 quale-

179 498 412 550 cunque
446 479 736 534 sordidum
759 475 819 532 &
836 476 1179 531 aversatione
1201 476 1432 544 dignum
1456 480 1555 548 fig-

178 557 399 621 nificat,
442 554 499 607 in
534 551 720 619 specie
745 565 880 603 cum
916 550 1149 619 legaliter
1174 550 1264 603 vel
1291 551 1561 605 moraliter

177 630 467 697 pollutum
479 667 497 692 ,
514 637 635 679 tum
659 621 1029 693 idololatricam
1043 640 1062 685 ,·
1083 623 1165 676 uti
1179 623 1306 675 loca
1318 622 1375 675 in
1390 623 1553 676 Lexi-

175 703 259 756 cis
282 700 450 755 obvia
463 709 929 761 unumquemque
941 693 1148 748 docere
1159 693 1402 761 poffunt.
1419 694 1551 749 Hoc

175 776 312 828 loco
337 769 597 838 conjugia
622 782 754 821 cum
768 766 1068 833 peregrinis
1084 766 1346 820 foeminis
1365 783 1435 820 eo
1449 784 1547 822 no-

176 846 328 899 mine
348 853 641 903 notantur,
656 837 814 905 quod
829 878 844 903 ,
858 849 1228 904 praeterquam
1242 840 1401 904 quod
1414 838 1545 908 legis

172 915 478 970 manifestae
505 923 748 979 apertam
780 910 1146 963 violatio-nem
1171 911 1542 976 constituant,

163 988 371 1061 partim
405 984 651 1038 sanetum
675 981 914 1052 Jehovae
953 983 1235 1049 populum
1255 984 1539 1049 polluant,

172 1072 238 1113 ut
260 1073 394 1111 mox
419 1056 667 1119 additur,
695 1054 898 1123 partim
924 1054 1385 1108 communionem
1407 1072 1540 1109 cum

174 1128 542 1185 idololatricis
566 1125 794 1193 populis
830 1125 1076 1180 adferant
1101 1123 1161 1180 <Sc
1188 1124 1540 1193 societatem3

170 1217 344 1271 quare
377 1198 653 1268 ejnsmodi
689 1198 936 1251 foemina
955 1197 1244 1265 peregrlna
1269 1215 1403 1252 mox
1426 1201 1538 1254 filia

165 1276 277 1329 Dei
305 1272 579 1340 peregrini
617 1270 937 1335 adpellatur.
1017 1271 1337 1336 Utrumque
1369 1272 1534 1325 etiam

162 1346 221 1401 in
254 1347 357 1399 hac
394 1341 508 1410 ipsa
528 1357 709 1406 voce,
740 1340 810 1393 de
843 1339 1118 1408 ejusmodi
1142 1341 1417 1411 conjugiis
1443 1344 1533 1397 ad-

162 1418 367 1483 hibita,
416 1415 728 1483 speeiarunt
765 1413 940 1467 Ezras
962 1411 1023 1467 &
1044 1413 1366 1468 Nehemias.
1396 1415 1526 1468 Ezr.

167 1506 244 1545 lx:
272 1507 356 1559 24.
381 1505 450 1543 an
474 1489 634 1542 demto
657 1487 818 1540 irrita
842 1487 1110 1540 reddemus
1123 1497 1296 1555 praece
1331 1498 1386 1540 m
1406 1498 1525 1553 tm,

142 1562 350 1629 .inquit
383 1563 441 1615 in
461 1560 722 1628 precibus
758 1559 827 1612 ad
859 1558 1081 1624 Deum,
1113 1556 1174 1612 ὃς
1205 1559 1279 1612 ad
1307 1556 1528 1613 'nitatem

161 1635 410 1689 inibimus
444 1650 576 1687 cum
600 1631 805 1706 populis
836 1632 947 1680 :³an
968 1648 1161 1691 maman,
1195 1632 1526 1685 abominatio·

162 1724 289 1761 num
332 1705 587 1760 illarum?
624 1705 698 1758 src
736 1702 795 1758 &
828 1704 958 1757 ibid.
987 1701 1125 1757 vers.
1159 1719 1201 1758 1.
1242 1705 1525 1771 populum
1592 1764 1598 1771 Ι

161 1793 281 1833 non
310 1779 472 1833 fuisse
510 1776 818 1845 separatum
845 1816 861 1841 ,
913 1776 982 1829 ad
1012 1775 1218 1830 Ezram
1247 1778 1522 1841 defertur,

166 1866 198 1904 a
220 1851 424 1921 populis
449 1862 716 1905 terrarum
748 1865 947 1901 nummu
970 1846 1254 1917 secundnm
1265 1850 1522 1902 abomina-

161 1923 323 1975 tiones
357 1938 560 1985 eormm
609 1922 872 1976 ducendo
894 1921 1164 1975 foeminas
1191 1923 1520 1990 peregrinas,

163 1994 316 2049 Neh.
340 2009 457 2048 XIII:
482 2010 569 2060 29,
599 2008 667 2059 30
688 1993 1104 2047 confiderantur
1124 2006 1384 2061 tanquam
1408 1993 1521 2046 san-

162 2065 407 2120 &itatem
470 2067 671 2134 populi
725 2063 786 2119 &
832 2063 1123 2118 sacerdotii
1176 2066 1520 2132 polluentiat,

166 2138 309 2193 ficut
346 2140 483 2195 vers.
509 2143 591 2194 26.
616 2138 877 2192 ducentia
899 2136 966 2188 ad
990 2137 1372 2191 idololatriam.
1436 2137 1527 2191 Ex

165 2211 370 2278 quibus
421 2213 679 2269 omnibus
720 2210 881 2263 facile
913 2220 1063 2274 patet
1086 2249 1101 2273 ‚
1169 2225 1335 2276 quam
1376 2225 1524 2262 erro-

168 2301 275 2342 nee
310 2301 378 2340 ex
415 2288 517 2343 hac
543 2300 689 2342 voce
711 2282 936 2409 colliffial}
961 2280 1294 2351 Cappellus‚
1336 2283 1406 2336 de
1428 2296 1526 2350 pe-

1451 2369 1535 2409 re-
