2068 2927
420 209 462 262 ’Δ
503 223 542 260 D
655 202 726 258 M
752 202 818 259 ΞΑ
859 202 930 258 L:
1030 213 1162 262 21-11:
1243 224 1324 281 19.
1472 226 1574 289 505

595 281 603 318 1

211 345 341 401 tiam
377 345 519 400 ficut
555 359 660 412 pro
691 340 987 409 hypothesi
1025 345 1218 412 habet,
1261 363 1383 402 eam
1408 351 1476 404 ad
1497 354 1577 409 fe.

205 420 373 474 licem
423 420 570 472 illam
606 416 992 470 conditionem
1026 418 1304 483 pertinere
1330 460 1348 486 ‚
1407 422 1468 477 &
1508 427 1577 480 ad

207 507 328 545 eam
364 492 671 546 durabilem
705 488 1043 542 reddendam
1075 491 1289 557 facereg,
1342 494 1416 548 ita
1452 513 1574 550 eam

202 565 275 618 ad
300 566 442 619 hanc
467 564 638 619 vitam
662 561 950 615 manifeste
974 563 1261 632 restringit.
1299 582 1349 633 4.
1367 567 1569 623 Diver-

199 637 321 691 fitas
373 639 526 706 hujus
572 635 632 691 &
677 634 954 701 sequentis
998 637 1101 689 diei
1130 637 1326 704 judicii
1348 680 1364 704 ‚
1429 642 1566 697 vers.

200 724 285 775 23.
320 727 403 780 24.
434 707 756 773 memorati,
796 707 972 761 modo
999 706 1290 775 adserta,fi
1313 728 1441 766 vera
1467 714 1530 767 fit
1550 758 1565 780 ,

196 785 383 837 nullus
412 781 629 850 judicio
662 779 892 845 ultim0‚
960 782 1144 834 nostra
1177 783 1231 835 in
1267 785 1565 852 pericopa,

193 855 529 921 relinquitur
553 855 746 917 locus;
786 867 920 905 cum
950 854 1078 919 post
1102 854 1237 907 illud
1262 858 1477 911 nullum
1502 860 1565 912 fit

200 925 366 978 aliud.

270 994 606 1064 §CLXXX
669 996 837 1061 Reip.
883 995 1138 1066 Judaicae
1194 999 1418 1054 excidio
1461 1006 1564 1069 pei·

193 1067 490 1122 Romanos
541 1083 657 1134 quo
703 1068 886 1120 minus
930 1070 1090 1121 locus
1127 1070 1327 1136 detur,
1387 1077 1559 1129 multa

192 1156 426 1207 quoque
473 1141 707 1194 obstant.
767 1138 1092 1210 LJztdiciam
1124 1140 1322 1197 diserte
1356 1147 1561 1201 dicitur

188 1214 507 1268 deleturum
540 1212 785 1283 fhperhos
824 1214 977 1277 illos,
1038 1229 1102 1266 ac
1140 1224 1424 1283 offiratores
1462 1219 1560 1272 im-

189 1286 438 1352 pietatis,
486 1284 556 1338 de
596 1299 841 1350 quorum
871 1284 1135 1352 prospera
1170 1287 1395 1347 fortuna
1424 1307 1559 1355 con-

187 1359 368 1424 questi
404 1368 555 1411 erant
579 1355 801 1426 JUdaei‚
857 1356 917 1410 δὲ
952 1357 1131 1423 ipsos,
1171 1361 1269 1424 qui
1297 1361 1556 1430 sesqlmli-

187 1430 274 1485 (ἴω
289 1430 714 1496 adpellaverant‚
729 1429 784 1481 in
800 1430 942 1482 statu
955 1430 1104 1484 felici
1118 1433 1526 1489 collocaturum
1544 1453 1556 1488 :

184 1514 453 1567 praeterea
487 1501 680 1570 judicii
714 1503 1118 1569 praenunciatio
1156 1519 1224 1557 eo
1260 1507 1552 1574 colline-at,

185 1586 250 1626 ut
285 1590 347 1627 ea
382 1575 606 1640 querela
643 1587 704 1626 ac
740 1573 981 1641 objeetio
1010 1574 1346 1645 Judaeorum
1369 1592 1553 1634 retun-

186 1645 440 1708 deretur,
493 1663 554 1699 ac
590 1648 906 1700 tolleretur:
948 1649 1206 1714 adeoque
1233 1649 1289 1701 in
1311 1654 1556 1717 populo-

180 1733 308 1770 rum
345 1719 630 1771 hostilium
666 1717 726 1772 &
759 1719 1064 1784 impiorum
1106 1721 1440 1787 perniciem,
1493 1724 1551 1779 (Sc

175 1788 512 1858 judaeorum
536 1791 669 1859 legis
695 1790 1075 1845 studiosorum
1100 1791 1357 1859 salutem,
1393 1811 1551 1849 exeat

182 1862 399 1913 necesse
437 1863 545 1924 est3
579 1879 716 1923 cum
738 1864 1071 1929 ceteroquin
1095 1865 1163 1916 ad
1185 1865 1451 1932 scopum,
1489 1867 1548 1922 ἅ

184 1930 241 1983 in
264 1949 381 1985 rem
398 1973 412 1998 ‚
426 1934 608 1988 minus
630 1935 851 1989 faceret.
867 1936 1108 1991 Accedit
1122 1975 1136 1999 ,
1154 1939 1387 1991 timentes
1403 1938 1557 2008 Jeho-

180 2020 290 2069 vce,
309 2006 377 2057 ad
403 2022 546 2071 quos
574 2005 751 2060 sermo
779 2007 1059 2076 dirigitur,
1088 2009 1194 2062 effe
1216 2008 1364 2075 ipsos
1392 2012 1513 2065 illos
1531 2053 1548 2077 ,

184 2092 430 2140 quorum
457 2078 618 2146 supra
640 2079 780 2132 faeta
800 2079 980 2133 fuerat
1018 2082 1227 2134 mentio
1244 2122 1258 2145 ‚
1280 2081 1511 2151 judaeos
1530 2126 1546 2150 ‚

183 2154 387 2219 quibus
416 2151 730 2222 sbls'1stffiW
766 2152 1019 2205 oriretur.
1066 2168 1111 2205 2.
1134 2153 1412 2223 Impiormn
1437 2174 1547 2210 com-

182 2225 425 2288 calcam,
479 2241 506 2276 a
544 2224 863 2278 timentibus
898 2224 1006 2277 Dei
1029 2226 1307 2289 facienda,
1346 2228 1485 2281 ficut
1523 2247 1551 2282 a

183 2297 534 2363 Christianis,
565 2298 683 2363 ¹qui
711 2296 943 2367 Judaeos
985 2312 1100 2349 non
1127 2300 1544 2366 opprefl'erunt,

180 2373 354 2424 aliena
377 2371 454 2423 est
471 2410 486 2435 ‚
520 2372 594 2425 ita
616 2369 847 2437 prosper
870 2370 1037 2494 [ἔειπας
1066 2383 1352 2438 externus,
1379 2388 1549 2438 quem

804 2441 887 2495 Ss
950 2459 979 2497 2
1400 2445 1556 2510 phra-
