2068 2927
480 209 583 270 300
658 183 1768 250 COMMENTARIUS

491 331 592 387 suo
617 327 939 384 testimonio
962 328 1186 382 decidit.
1203 327 1376 382 Aliud
1401 327 1479 381 est
1494 370 1508 395 ,
1524 329 1699 400 testari
1711 347 1850 388 uxo-

491 420 609 459 rem
645 402 751 456 esse
773 400 1070 468 legitimam
1094 402 1226 466 viri,
1268 399 1362 453 seu
1395 401 1728 471 conjugium
1756 406 1858 458 ini-

494 490 646 539 tum,
700 474 878 536 aliud,
925 474 1061 525 inter
1102 487 1198 525 eos
1239 472 1435 525 testari.
1471 476 1697 540 2.‚÷Cum
1726 493 1857 544 pro-

495 550 664 616 pheta
690 542 1008 611 subjungat,
1047 544 1304 597 maritum
1330 545 1543 610 perfide
1568 548 1759 616 egisse,
1799 546 1860 603 &

497 633 737 675 uxorem
775 616 1016 669 declaret
1047 617 1153 668 effe
1180 617 1376 687 finiam
1416 615 1566 684 erS,
1619 636 1683 674 ac
1719 635 1863 674 uxo-

497 709 617 747 rem
670 688 912 743 foederis
941 706 957 753 3
1010 689 1268 757 judiciam
1327 689 1436 742 Dei
1495 691 1565 744 de
1611 707 1861 747 uxorum

498 762 855 832 oppreffione
888 761 1242 828 praecessisse,
1294 761 1455 829 cujus
1491 765 1742 819 rationem
1776 765 1861 819 his

456 896 461 901 ,
496 838 680 892 Verbis
705 835 796 888 dat
811 875 825 899 ,
839 835 1124 887 manifeste
1140 835 1403 902 fignificat·
1418 851 1465 901 3.
1484 835 1864 904 Praeterquam

499 909 660 977 quod
716 906 1095 974 interpretatio
1151 908 1238 961 illa
1291 908 1659 962 fundamento
1703 912 1867 963 nullo

497 981 791 1045 fulciatur,
843 998 872 1033 a
906 978 1082 1044 scopo
1134 978 1193 1032 ἅ
1220 978 1355 1030 serie
1390 980 1654 1031 orationis
1689 982 1863 1033 aliena

500 1056 610 1119 est,
673 1053 766 1107 cui
799 1053 984 1104 nostra
1015 1049 1183 1101 unice
1219 1049 1502 1102 convenit.
1604 1049 1866 1118 Rogave-

496 1141 616 1182 rant
641 1123 784 1192 paeri
813 1120 1225 1174 matrimonialis
1243 1161 1257 1186 ,
1299 1118 1359 1175 ἃ
1389 1121 1520 1175 fidei
1546 1121 1720 1188 datae,
1743 1124 1871 1178 vio--

497 1200 698 1253 latores
725 1237 742 1262 ,
806 1210 992 1262 quare,
1022 1193 1181 1246 Deus
1224 1195 1291 1247 ad
1326 1209 1571 1249 uxorum
1611 1198 1864 1262 querelas

499 1270 758 1324 adtendat
782 1309 798 1334 ,
861 1265 920 1322 &
957 1282 987 1319 a
1020 1265 1295 1319 sacrificiis
1334 1265 1441 1319 suis
1477 1268 1678 1322 oculos
1714 1284 1866 1323 aver-

498 1344 618 1397 tat?
656 1339 1048 1408 respondendo
1073 1339 1207 1392 dicit
1227 1340 1502 1405 propheta
1518 1340 1677 1407 ,quia
1703 1341 1865 1395 Deus

501 1431 750 1470 uxorum
777 1412 995 1468 causam
1015 1409 1215 1478 justam
1234 1412 1323 1477 ,ἅ
1348 1428 1536 1465 earum
1561 1413 1866 1479 oppreffio-

502 1504 639 1560 nemv
657 1488 753 1541 fibi
775 1487 932 1540 cordi
960 1484 1019 1540 ὅ(
1044 1500 1194 1538 curae
1218 1486 1355 1550 esse,
1405 1484 1526 1551 ipso
1550 1486 1662 1540 hoc
1689 1482 1868 1555 faetO,

506 1560 771 1616 sacrificia
810 1574 1007 1612 eorum
1044 1556 1394 1625 respuendO,
1458 1559 1732 1612 declarare
1764 1576 1866 1620 voe

505 1635 650 1700 luit,
710 1629 1013 1704 testfficamlo
1064 1631 1166 1684 hac
1212 1631 1425 1684 ratione
1472 1631 1615 1683 inter
1658 1647 1864 1685 uxores

505 1716 802 1773 querentes
837 1701 896 1757 ἃ
931 1703 1155 1758 maritos
1181 1702 1591 1769 opprimentes,
1626 1702 1868 1758 causam-

506 1795 619 1846 que
653 1780 794 1832 hanc
817 1776 1159 1829 decidendo:
1200 1790 1293 1839 ut,
1323 1790 1490 1840 quam
1511 1776 1653 1827 male
1676 1788 1866 1842 agant,

507 1852 837 1920 intelligant,
892 1847 948 1904 ἀ
985 1859 1079 1903 aut
1118 1847 1362 1901 conviffi
1387 1844 1733 1912 resipiscant,
1773 1862 1869 1903 aut

506 1926 840 1994 puniantur,
892 1937 998 1974 nec
1031 1921 1126 1973 fibi
1163 1918 1556 1986 persuadeant,
1610 1932 1704 1971 aut
1737 1918 1869 1976 Deo

508 1999 725 2053 facinus
762 1996 925 2049 suum
965 1994 1193 2062 ignotum
1227 1992 1363 2054 esse,
1418 2004 1511 2046 aut
1549 1988 1751 2057 susque
1778 1994 1871 2047 de·
1920 2059 1924 2061 μ

511 2086 626 2138 que
661 2066 879 2130 haberi3
932 2066 1037 2119 acsi
1070 2065 1304 2131 perinde
1340 2065 1600 2130 haberet,
1641 2079 1751 2130 qua
1788 2083 1873 2119 ra-

511 2143 668 2197 tione
712 2150 912 2210 agant3
978 2139 1060 2194 uti
1108 2137 1246 2191 versl
1299 2151 1377 2204 17.
1430 2137 1871 2193 introducuntur

511 2216 767 2270 statuere.
803 2230 854 2281 4.
893 2211 1189 2278 Denique,
1232 2210 1390 2277 quod
1418 2210 1508 2263 hic
1531 2206 1708 2277 testari
1729 2210 1872 2265 inter

515 2302 751 2342 uxorem
788 2283 848 2341 ἃ
885 2286 1175 2349 maritum,
1217 2283 1357 2337 illud
1392 2281 1573 2349 ipsu-m
1597 2297 1645 2333 e.
1675 2297 1791 2336 111:
1815 2300 1865 2351 5.

513 2357 718 2416 dicitur
748 2359 1159 2430 adpropinquare
1192 2355 1300 2411 Dei
1337 2357 1409 2411 ad
1430 2355 1674 2412 iudicium
1696 2366 1876 2412 contra

1791 2444 1877 2484 ear
