2068 2927
462 178 503 218 Α
544 182 583 219 n
695 161 860 219 MA
901 160 969 219 L.
1089 182 1165 222 11:
1246 182 1330 241 17.
1480 176 1583 247 363

197 302 409 358 faciens
434 303 623 372 plures
638 303 1080 369 comprehendat
1095 347 1111 372 ‚
1124 323 1293 363 nemo
1309 349 1326 375 ,
1342 311 1568 381 opinor,

197 376 428 431 haerebit
460 377 519 429 in
550 377 694 443 plur.
732 376 788 429 in
822 376 921 443 iis,
986 393 1056 432 eo
1089 383 1279 434 relato,
1376 383 1565 454 Quare

196 449 333 502 nihil
385 448 549 502 addO.
640 448 923 503 Sententia
980 451 1170 519 itaque
1207 455 1569 521 loquentium

196 522 306 586 est,
349 523 539 575 bonum
582 520 726 574 inter
770 519 831 576 &
863 522 1056 576 malum
1090 525 1227 579 nihil
1269 528 1376 581 effe
1413 532 1565 596 apud

185 593 466 666 Jebovam
491 591 849 657 discriminis3
891 596 1028 662 quin
1052 613 1182 651 eum
1208 614 1565 665 peccatorem

193 666 256 721 ὃς
296 667 620 732 improbum
647 666 849 719 eodem
870 668 1006 721 loco
1031 669 1263 737 habere,
1305 688 1423 739 quo
1440 686 1561 745 pro·

194 740 347 804 bum,·
387 738 483 792 seu
506 739 579 791 ita
600 737 857 801 tractare,
899 741 1004 792 acfi
1028 742 1210 795 bonum
1233 745 1472 811 fecisset,
1501 746 1562 801 ὃς

190 812 250 865 in
271 827 341 865 eo
363 807 743 876 acquiescere,
758 824 862 863 nec
883 826 1061 865 unum
1087 827 1181 867 aut
1202 819 1452 883 alterum,
1470 820 1564 873 sed

191 898 388 936 omnes
415 882 869 948 qualescunque,
912 882 1014 937 suo
1037 885 1303 954 prosequi
1333 892 1557 959 favor-1³,

190 954 289 1022 qui
313 953 505 1008 malum
531 953 782 1007 fecerint.

267 1025 521 1080 CXXIII.
565 1024 743 1095 Quod
774 1027 1125 1096 consequens
1168 1048 1211 1087 1.
1245 1049 1351 1100 pro
1377 1035 1560 1101 hypo-

193 1098 332 1153 thesi
370 1098 536 1152 habet
576 1112 645 1150 ex
680 1112 867 1152 mente
904 1102 1293 1172 loquentium,
1332 1109 1559 1162 hostiles

192 1172 444 1238 populos
485 1169 592 1223 effe
628 1185 818 1236 graves
845 1187 1204 1242 peccatore5‚
1246 1180 1343 1245 qui
1368 1182 1560 1234 malum

188 1244 434 1308 faciunt,
475 1240 529 1294 se
566 1257 738 1307 vem,
776 1240 872 1298 seu
888 1244 1125 1314 Judaeos
1150 1251 1419 1318 reduces,
1450 1255 1559 1307 esse

177 1315 368 1387 justos,
408 1313 506 1382 qui
543 1315 756 1377 boman,-
807 1332 939 1371 cum
974 1317 1051 1370 illi
1075 1318 1179 1388 ftnt
1209 1322 1557 1392 Idololatrae,

189 1389 476 1445 variorum
507 1385 803 1441 criminum
824 1389 938 1453 rei,
981 1404 1043 1443 ac
1066 1389 1250 1459 injusti
1273 1398 1560 1462 oppresso-

194 1479 279 1518 res
312 1461 514 1528 populi
549 1459 692 1523 Dei3
731 1458 912 1530 Judaei
935 1478 1071 1516 vero
1096 1465 1228 1532 legis
1255 1465 1315 1522 ὅ(
1339 1469 1557 1537 religio-

192 1537 278 1592 nis
316 1549 465 1588 verae
506 1531 734 1587 studiofi
779 1549 841 1587 ac
878 1536 1157 1602 cultore5‚
1185 1540 1385 1607 utique
1411 1543 1555 1607 boni,

190 1605 612 1674 comparatione
647 1620 781 1659 cum
813 1608 1109 1675 gentilibus
1136 1610 1417 1682 instituta,
1455 1613 1553 1670 seu

188 1681 294 1737 illis
327 1680 495 1746 longe
529 1677 806 1733 meliores.
898 1678 1034 1750 Quo
1069 1680 1228 1738 sensu
1255 1686 1560 1741 Nebucad-

189 1768 358 1810 nezar
390 1751 649 1822 improbus
681 1750 887 1806 dicitur
909 1752 1202 1809 absorbere
1236 1775 1322 1806 vm
1355 1775 1448 1829 pux
1468 1761 1558 1828 ju-

187 1826 323 1897 stum
336 1834 454 1893 prae
475 1821 606 1893 ipfi),
628 1822 724 1876 seu
750 1824 871 1890 ipso
895 1823 1188 1892 justiorem
1211 1830 1374 1898 Hah„
1401 1848 1443 1887 1:
1477 1846 1554 1898 13.

198 1916 245 1953 2.
280 1895 560 1962 derivatur
595 1910 664 1948 ex
697 1895 896 1963 dilatol,
941 1896 1036 1952 seu
1064 1898 1313 1968 sublat0‚
1333 1903 1553 1971 judicio

192 1970 337 2033 Dei,
374 1982 491 2033 quo
527 1967 714 2022 hostes
747 1971 1061 2036 puniuntur
1088 1971 1148 2028 &
1168 1975 1560 2042 humiliantur,

187 2041 378 2115 Judaei
420 2041 478 2092 in
521 2038 794 2106 prospero
840 2041 900 2096 &
943 2043 1160 2099 sublimi
1209 2050 1561 2104 collocantur

193 2119 346 2170 loco
425 2111 605 2182 Quod
635 2129 768 2166 cum
799 2130 916 2167 non
946 2115 1041 2169 fiat
1064 2157 1081 2182 ,
1136 2118 1322 2187 Judaei
1363 2134 1560 2176 contra

194 2186 426 2255 depressi
442 2226 456 2249 ,
472 2201 744 2253 pauperes
761 2227 776 2251 ,
792 2187 930 2240 servi
945 2227 960 2251 ,
974 2186 1032 2242 ὅ(
1059 2190 1259 2244 adflicti
1273 2206 1528 2248 maneant
1539 2236 1557 2260 ,

192 2260 393 2331 populi
417 2260 641 2315 hostiles
665 2259 931 2327 prospere
958 2275 1143 2328 agant,
1180 2280 1242 2319 ac
1271 2267 1561 2321 dominen-

193 2351 315 2401 tur,
349 2333 481 2388 licet
512 2345 624 2387 tarn
659 2333 986 2461 diuturnitm
1022 2340 1289 2405 temporis
1324 2338 1563 2408 spatium

934 2422 967 2460 z
1011 2425 1041 2462 2
1462 2428 1575 2481 jam
